@article{barbosa2019pesquisa,
  title     =   {Pesquisa sobre o Uso das Tecnologias de Informação e Comunicação nos Domicílios Brasileiros: 2018},
  author    =   {{Comitê Gestor da Internet no Brasil}},
  journal   =   {S{\~a}o Paulo: Comit{\^e} Gestor da Internet no Brasil},
  year      =   {2019}
}
%https://cetic.br/media/docs/publicacoes/2/12225320191028-tic_dom_2018_livro_eletronico.pdf

@article{da2020inventar,
  title     =   {INVENTAR EDUCA{\c{C}}{\~A}O ESCOLAR NO BRASIL EM TEMPOS DA COVID-19},
  author    =   {da Silva Monteiro, Sandrelena},
  journal   =   {Revista Augustus},
  volume    =   {25},
  number    =   {51},
  pages     =   {237--254},
  year      =   {2020}
}
%https://revistas.unisuam.edu.br/index.php/revistaaugustus/article/view/552

@article{ferguson2020report,
  title     =   {Report 9: Impact of non-pharmaceutical interventions (NPIs) to reduce COVID19 mortality and healthcare demand},
  author    =   {Ferguson, Neil and Laydon, Daniel and Nedjati-Gilani, Gemma and Imai, Natsuko and Ainslie, Kylie and Baguelin, Marc and Bhatia, Sangeeta and Boonyasiri, Adhiratha and Cucunub{\'a}, Zulma and Cuomo-Dannenburg, Gina and others},
  journal   =   {Imperial College London},
  volume    =   {10},
  pages     =   {77482},
  year      =   {2020}
}
%https://pdfs.semanticscholar.org/8c73/19446bd3e435ede14852e22be6b60b6f5127.pdf

@article{de2019tendencias,
  title     =   {Tend{\^e}ncias de pesquisas que utilizam learning analytics em moocs: um mapeamento sistem{\'a}tico},
  author    =   {de Souza, Napoliana Silva and Wives, Leandro Krug and Perry, Gabriela Trindade},
  journal   =   {RENOTE-Revista Novas Tecnologias na Educa{\c{c}}{\~a}o},
  volume    =   {17},
  number    =   {1},
  pages     =   {82--92},
  year      =   {2019}
}
%https://seer.ufrgs.br/renote/article/view/95710/53805

@article{ruiperez2015alas,
  title     =   {ALAS-KA: A learning analytics extension for better understanding the learning process in the Khan Academy platform},
  author    =   {Ruip{\'e}rez-Valiente, Jos{\'e} A and Mu{\~n}oz-Merino, Pedro J and Leony, Derick and Kloos, Carlos Delgado},
  journal   =   {Computers in Human Behavior},
  volume    =   {47},
  pages     =   {139--148},
  year      =   {2015},
  publisher =   {Elsevier}
}
%https://www.sciencedirect.com/science/article/pii/S0747563214003689

@inproceedings{moissa2015educational,
  title     =   {Educational Data Mining versus Learning Analytics: estamos reinventando a roda? Um mapeamento sistem{\'a}tico},
  author    =   {Moissa, Barbara and Gasparini, Isabela and Kemczinski, Avanilde},
  booktitle =   {Brazilian Symposium on Computers in Education (Simp{\'o}sio Brasileiro de Inform{\'a}tica na Educa{\c{c}}{\~a}o-SBIE)},
  volume    =   {26},
  number    =   {1},
  pages     =   {1167},
  year      =   {2015}
}
%https://br-ie.org/pub/index.php/sbie/article/view/5442

@article{moissa2014learning,
  title     =   {Learning Analytics: um mapeamento sistem{\'a}tico},
  author    =   {Moissa, Barbara and Gasparini, Isabela and Kemczinski, Avanilde},
  journal   =   {Nuevas Ideas en Inform{\'a}tica Educativa TISE},
  volume    =   {2014},
  pages     =   {283--290},
  year      =   {2014}
}
%http://www.tise.cl/volumen10/TISE2014/tise2014_submission_262.pdf

@inproceedings{doko2018systematic,
  title         =   {A systematic mapping study of educational technologies based on educational data mining and learning analytics},
  author        =   {Doko, Edona and Bexheti, Lejla Abazi},
  booktitle     =   {2018 7th Mediterranean Conference on Embedded Computing (MECO)},
  pages         =   {1--4},
  year          =   {2018},
  organization  =   {IEEE}
}
%https://ieeexplore.ieee.org/abstract/document/8406052

@article{de2018entrevistas,
  title     =   {Entrevistas e mapeamento sistem{\'a}tico sobre an{\'a}lise de logs de intera{\c{c}}{\~a}o de alunos em ambientes virtuais de aprendizagem},
  author    =   {de Brand{\~a}o Damasceno, AL and dos Santos Ribeiro, D and Colcher, S and Barbosa, SDJ},
  journal   =   {Monografias em Ci{\^e}ncia da Computa{\c{c}}{\~a}o},
  volume    =   {1200},
  number    =   {08},
  year      =   {2018}
}
%http://git.telemidia.puc-rio.br/files/biblio/2018_09b_damasceno.pdf

@article{buchinger2014mecanismos,
  title     =   {Mecanismos de busca acad{\^e}mica: uma an{\'a}lise quantitativa},
  author    =   {Buchinger, Diego and de Siqueira Cavalcanti, Gustavo Andriolli and da Silva Hounsell, Marcelo},
  journal   =   {Revista Brasileira de Computa{\c{c}}{\~a}o Aplicada},
  volume    =   {6},
  number    =   {1},
  pages     =   {108--120},
  year      =   {2014}
}
%http://seer.upf.br/index.php/rbca/article/view/3452

@article{educaccao2020ensino,
  title     =   {Ensino a dist{\^a}ncia na Educa{\c{c}}{\~a}o B{\'a}sica frente {\`a} pandemia da Covid-19},
  author    =   {Fiocruz},
  year      =   {2020}
}
%http://www.epsjv.fiocruz.br/sites/default/files/files/Nota%20tecnica%20TPE%20ensino%20remoto.pdf

@article{alonso2019applications,
  title     =   {Applications of data science to game learning analytics data: A systematic literature review},
  author    =   {Alonso-Fern{\'a}ndez, Cristina and Calvo-Morata, Antonio and Freire, Manuel and Mart{\'\i}nez-Ortiz, Iv{\'a}n and Fern{\'a}ndez-Manj{\'o}n, Baltasar},
  journal   =   {Computers \& Education},
  volume    =   {141},
  pages     =   {103612},
  year      =   {2019},
  publisher =   {Elsevier}
}
%https://www.sciencedirect.com/science/article/abs/pii/S0360131519301654

@article{calvo2020serious,
  title     =   {Serious games to prevent and detect bullying and cyberbullying: A systematic serious games and literature review},
  author    =   {Calvo-Morata, Antonio and Alonso-Fern{\'a}ndez, Cristina and Freire, Manuel and Mart{\'\i}nez-Ortiz, Iv{\'a}n and Fern{\'a}ndez-Manj{\'o}n, Baltasar},
  journal   =   {Computers \& Education},
  pages     =   {103958},
  year      =   {2020},
  publisher =   {Elsevier}
}
%https://www.sciencedirect.com/science/article/abs/pii/S0360131520301561

@book{wazlawick2009metodologia,
  title     =   {Metodologia de pesquisa para ci{\^e}ncia da computa{\c{c}}{\~a}o},
  author    =   {Wazlawick, Raul Sidnei},
  year      =   {2009},
  publisher =   {Elsevier}
}
%Livro

@incollection{djaouti2011origins,
  title     =   {Origins of serious games},
  author    =   {Djaouti, Damien and Alvarez, Julian and Jessel, Jean-Pierre and Rampnoux, Olivier},
  booktitle =   {Serious games and edutainment applications},
  pages     =   {25--43},
  year      =   {2011},
  publisher =   {Springer}
}
%https://www.researchgate.net/publication/273693305_Origins_of_Serious_Games

@inproceedings{kim2018ll,
  title     =   {" I'll do it!" examining the relationship between locus of control and math game retention for preschoolers},
  author    =   {Kim, Bugeun and Rhim, Jungwook and Rho, Jihyun and Hwang, Taehyun and Lee, Gunho and Gweon, Gahgene},
  booktitle =   {Proceedings of the 8th International Conference on Learning Analytics and Knowledge},
  pages     =   {290--294},
  year      =   {2018}
}
%https://dl.acm.org/doi/abs/10.1145/3170358.3170368

@inproceedings{pantic2016studying,
  title     =   {Studying situated learning in a constructionist programming camp: A multimethod microgenetic analysis of one girl's learning pathway},
  author    =   {Pantic, Katarina and Fields, Deborah A and Quirke, Lisa},
  booktitle =   {Proceedings of the The 15th International Conference on Interaction Design and Children},
  pages     =   {428--439},
  year      =   {2016}
}
%https://dl.acm.org/doi/abs/10.1145/2930674.2930725

@inproceedings{tsuei2019preliminary,
  title     =   {Preliminary Evaluation of the Usability of a Virtual Reality Game for Mudslide Education for Children},
  author    =   {Tsuei, Mengping and Chiu, Jen-I and Peng, Tsu-Wei and Chang, Yuan-Chen},
  booktitle =   {25th ACM Symposium on Virtual Reality Software and Technology},
  pages     =   {1--2},
  year      =   {2019}
}
%https://dl.acm.org/doi/abs/10.1145/3359996.3364710

@article{khan2003five,
  title     =   {Five steps to conducting a systematic review},
  author    =   {Khan, Khalid S and Kunz, Regina and Kleijnen, Jos and Antes, Gerd},
  journal   =   {Journal of the royal society of medicine},
  volume    =   {96},
  number    =   {3},
  pages     =   {118--121},
  year      =   {2003},
  publisher =   {SAGE Publications Sage UK: London, England}
}
%https://journals.sagepub.com/doi/pdf/10.1177/014107680309600304

@article{chen2017science,
  title     =   {Science mapping: a systematic review of the literature},
  author    =   {Chen, Chaomei},
  journal   =   {Journal of Data and Information Science},
  volume    =   {2},
  number    =   {2},
  pages     =   {1--40},
  year      =   {2017},
  publisher =   {Sciendo}
}
%https://content.sciendo.com/view/journals/jdis/2/2/article-p1.xml