@article{lacerda2009augusto,
  title         = {Augusto Comte e o "positivismo" redescobertos},
  author        = {Lacerda, Gustavo Biscaia de},
  journal       = {Revista de Sociologia e Pol{\'\i}tica},
  volume        = {17},
  number        = {34},
  pages         = {319--343},
  year          = {2009},
  publisher     = {SciELO Brasil}
}
%https://www.scielo.br/pdf/rsocp/v17n34/a21v17n34

@article{ludke2011pesquisa,
  title         = {Pesquisa em educa{\c{c}}{\~a}o: abordagens qualitativas},
  author        = {Ludke, Menga and Andr{\'e}, Marli EDA},
  journal       = {Em Aberto},
  volume        = {5},
  number        = {31},
  year          = {2011}
}
%https://edisciplinas.usp.br/pluginfile.php/5098367/mod_resource/content/2/Lud_And_cap3.pdf (NÃ£o encontrei o de 2011 novamente)

@article{souza2017abordagem,
  title     =   {Abordagem quanti-qualitativa: supera{\c{c}}{\~a}o da dicotoamia quantitativa-qualitativa na pesquisa em educa{\c{c}}{\~a}o},
  author    =   {Souza, Kellcia Rezende and Kerbauy, Maria Teresa Miceli},
  year      =   {2017}
}
%http://www.seer.ufu.br/index.php/EducacaoFilosofia/article/view/29099

@article{freitas2000metodo,
  title         = {O m{\'e}todo de pesquisa survey},
  author        = {Freitas, Henrique and Oliveira, M{\'\i}rian and Saccol, Amarolinda Zanela and Moscarola, Jean},
  journal       = {Revista de Administra\&ccdeil; {\~a}o da Universidade de S{\~a}o Paulo},
  volume        = {35},
  number        = {3},
  year          = {2000}
}
%http://www.clam.org.br/bibliotecadigital/uploads/publicacoes/1138_1861_freitashenriquerausp.pdf

@article{fontelles2009metodologia,
  title         = {Metodologia da pesquisa cient{\'\i}fica: diretrizes para a elabora{\c{c}}{\~a}o de um protocolo de pesquisa},
  author        = {Fontelles, Mauro Jos{\'e} and Sim{\~o}es, Marilda Garcia and Farias, Samantha Hasegawa and Fontelles, Renata Garcia Sim{\~o}es},
  journal       = {Revista Paraense de Medicina},
  volume        = {23},
  number        = {3},
  pages         = {1--8},
  year          = {2009}
}
%https://files.cercomp.ufg.br/weby/up/150/o/Anexo_C8_NONAME.pdf

@article{saccol2009retorno,   
  title         = {Um retorno ao b{\'a}sico: compreendendo os paradigmas de pesquisa e sua aplica{\c{c}}{\~a}o na pesquisa em administra{\c{c}}{\~a}o},
  author        = {Saccol, Amarolinda Zanela},
  journal       = {Revista de Administra{\c{c}}{\~a}o da UFSM},
  volume        = {2},
  number        = {2},
  pages         = {250--269},
  year          = {2009}
}
%https://periodicos.ufsm.br/index.php/reaufsm/article/view/1555

@article{berkenbrockprevenccao,
  title         = {PREVEN{\c{C}}{\~A}O DA VIOL{\^E}NCIA SEXUAL INFANTIL POR MEIO DE JOGO EDUCACIONAL},
  author        = {Berkenbrock, Carla Diacui Medeiros and Diocesano, Tiago Francisco Andrade},
  journal       = {PREVEN{\c{C}}{\~A}O DA VIOL{\^E}NCIA SEXUAL INFANTIL POR MEIO DE JOGO EDUCACIONAL},
  pages         = {1--388},
  publisher     = {Atena Editora},
  year          = {2019}
}
%https://www.atenaeditora.com.br/post-artigo/26296

@article{dias2000grupo,
  title         = {Grupo focal: t{\'e}cnica de coleta de dados em pesquisas qualitativas},
  author        = {Dias, Cl{\'a}udia Augusto},
  journal       = {Informa{\c{c}}{\~a}o \& Sociedade: Estudos},
  volume        = {10},
  number        = {2},
  pages         = {1--12},
  year          = {2000}
}
%https://periodicos.ufpb.br/ojs/index.php/ies/article/view/330

@article{wazlawick2010reflexao,
  title         = {Uma reflex{\~a}o sobre a pesquisa em ci{\^e}ncia da computa{\c{c}}{\~a}o {\`a} luz da classifica{\c{c}}{\~a}o das ci{\^e}ncias e do m{\'e}todo cient{\'\i}fico},
  author        = {Wazlawick, Raul Sidnei},
  journal       = {Revista de Sistemas de Informa{\c{c}}{\~a}o da FSMA},
  volume        = {6},
  pages         = {3--10},
  year          = {2010}
}
%https://d1wqtxts1xzle7.cloudfront.net/42323712/Uma_Reflexo_sobre_a_Pesquisa_em_Cincia_d20160207-27881-1qnyual.pdf?1454871406=&response-content-disposition=inline%3B+filename%3DUma_Reflexao_sobre_a_Pesquisa_em_Ciencia.pdf&Expires=1599249213&Signature=UvmYqSGADoUJfsn9S5wKU7b5PeNFrChORGwl0awejRSrzSWbOhssQP-LeqI9V~BMLyFGuWaUKhd1DPCsPkkbDbfjIE2c5iTwi0xpTNUUskux6OE7W~PCxZibckA740lnjV6TUl-d3kzPuEaVK8iyF8bQOm6aSqz1mp4Ry9HMaIa0nnubZihe~feEboKXD3zsjRFfaYqBNeITM~A23uK2LuK8PqAl9dNMI-bbTbEzP7Y9x1k6KCOGFXlmvsf7ekHFijaHsBEmHTEMxr2gCUGl~PLZscgTUFo9CWs0t0CdkOmwItUCFZp6pBbyN8s2xvF7Pspy0HhnNBALGq2NV5huJg__&Key-Pair-Id=APKAJLOHF5GGSLRBV4ZA