@misc{norman2005emotional,
  title     =   {Emotional design: People and things},
  author    =   {Norman, Donald A},
  year      =   {2005},
  publisher =   {Basic Books, New York, NY, USA}
}
%livro

@article{desmet2009special,
  title     =   {Special issue editorial: Design \& emotion},
  author    =   {Desmet, Pieter MA and Hekkert, Paul},
  journal   =   {International Journal of Design},
  volume    =   {3},
  number    =   {2},
  year      =   {2009},
  publisher =   {Chinese Institute of Design}
}
%https://www.researchgate.net/publication/254759047_Special_issue_editorial_Design_emotion

@book{preece2015interaction,
  title     =   {Interaction design: beyond human-computer interaction},
  author    =   {Preece, Jennifer and Sharp, Helen and Rogers, Yvonne},
  year      =   {2015},
  publisher =   {John Wiley \& Sons}
}
%livro

@article{zhang2016association,
    title     =   {The association between driving anger and driving outcomes: A meta-analysis of evidence from the past twenty years},
    author    =   {Zhang, Tingru and Chan, Alan HS},
    journal   =   {Accident Analysis \& Prevention},
    volume    =   {90},
    pages     =   {50--62},
    year      =   {2016},
    publisher =   {Elsevier}
}
%https://www.sciencedirect.com/science/article/abs/pii/S0001457516300422

@misc{carvalho2013design,
  title     =   {O Design Emocional na Constru{\c{c}}{\~a}o de Interfaces},
  author    =   {Carvalho, Margarida and Oliveira, L{\'\i}dia},
  year      =   {2013},
  publisher =   {Universidade de Aveiro, Departamento de Comunica{\c{c}}{\~a}o e Arte, Aveiro}
}
%http://www.revistacomunicando.sopcom.pt/ficheiros/20131227-3._o_design_emocional_na_constru____o_de_interfaces.pdf

@inproceedings{costa2009design,
  title     =   {Design emocional na concep{\c{c}}{\~a}o de entidades tutoras: estudo de caso},
  author    =   {Costa, Juliana and Antunes, Maria Jo{\~a}o and Silva, L{\'\i}dia Oliveira},
  booktitle =   {CONGRESSO DAS ASSOCIA{\c{C}}{\~O}ES LUS{\'O}FONAS DE CI{\^E}NCIAS DA COMUNICA{\c{C}}{\~A}O},
  volume    =   {8},
  year      =   {2009}
}
%https://www.academia.edu/178770/Design_emocional_na_concep%C3%A7%C3%A3o_de_entidades_tutoras_estudo_de_caso

@article{walter2011designing,
  title     =   {Designing for emotion: Jeffrey Zeldman},
  author    =   {Walter, A},
  year      =   {2011}
}
%Livro (agora s√≥ estou achando em Russo)

@inproceedings{santa2014teste,
  title     =   {Teste de Jogabilidade e Avalia{\c{c}}{\~a}o de um Jogo Digital sobre Sintomas do Acidente Vascular Cerebral e Procedimentos de Emerg{\^e}ncia},
  author    =   {Santa Rosa, Jos{\'e} Guilherme and Limeira, Carlos Dias and Santos, Jo{\~a}o Bosco de M and Filgueira, M{\'a}rio S{\'e}rgio G and Kulpa, C{\'\i}nthia and de Pinho, Andr{\'e} Lu{\'\i}s Santos and J{\'u}nior, Ant{\^o}nio Pereira},
  booktitle =   {Anais do 11o Congresso Brasileiro de Pesquisa e Desenvolvimento em Design},
  year      =   {2014}
}
%http://pdf.blucher.com.br.s3-sa-east-1.amazonaws.com/designproceedings/11ped/00742.pdf

@inproceedings{desmet2012pick,
  title         =   {Pick-A-Mood: Development and application of a pictorial mood-reporting instrument},
  author        =   {Desmet, PMA and Vastenburg, MH and Van Bel, D and Romero, N},
  booktitle     =   {8th International Conference on Design and Emotion: Out of Control},
  year          =   {2012},
  organization  =   {Central Saint Martins college of Art Design}
}
%https://research.tue.nl/en/publications/pick-a-mood-development-and-application-of-a-pictorial-mood-repor

@article{silva2019sinto,
  title         =   {Sinto, logo existo: valida{\c{c}}{\~a}o de um modelo para an{\'a}lise do design emocional},
  author        =   {SILVA, Washington Ferreira},
  year          =   {2019},
  publisher     =   {Universidade Federal de Pernambuco}
}
%https://repositorio.ufpe.br/handle/123456789/34024

@inproceedings{silva2019hold,
  title         =   {Hold Up: Modelo de Detec{\c{c}}{\~a}o e Controle de emo{\c{c}}{\~o}es em Ambientes Acad{\^e}micos},
  author        =   {Silva, Gabriel and Stroele, Victor and Dantas, M{\'a}rio and Campos, Fernanda},
  booktitle     =   {Brazilian Symposium on Computers in Education (Simp{\'o}sio Brasileiro de Inform{\'a}tica na Educa{\c{c}}{\~a}o-SBIE)},
  volume        =   {30},
  number        =   {1},
  pages         =   {139},
  year          =   {2019}
}
%https://br-ie.org/pub/index.php/sbie/article/view/8718/6279

@article{moreira2019artefatos,
  title         =   {Artefatos Tang{\'\i}veis e a Avalia{\c{c}}{\~a}o de Estados Afetivos por Crian{\c{c}}as},
  author        =   {Moreira, Eliana Alves and dos Reis, Julio Cesar and Baranauskas, Maria Cec{\'\i}lia Calani},
  journal       =   {Revista Brasileira de Inform{\'a}tica na Educa{\c{c}}{\~a}o},
  volume        =   {27},
  number        =   {01},
  pages         =   {58},
  year          =   {2019}
}
%https://www.br-ie.org/pub/index.php/rbie/article/view/7753/6041#

@article{porsani2020ferramenta,
  title         =   {Ferramenta para avalia{\c{c}}{\~a}o emocional: contribui{\c{c}}{\~o}es para o design de produto/Tool for emotional evaluation: contributions to product design Duct design},
  author        =   {Porsani, Rodolfo Nucci and Lanutti, Jamile N and Medola, Fausto Orsi and Paschoarelli, Luis Carlos},
  journal       =   {Brazilian Journal of Development},
  volume        =   {6},
  number        =   {3},
  pages         =   {14214--14229},
  year          =   {2020}
}
%https://www.brazilianjournals.com/index.php/BRJD/article/view/7931/7026

@article{simacek2016design,
  title         =   {Design emocional e an{\'a}lise observacional: inter-rela{\c{c}}{\~o}es entre produto e usu{\'a}rio},
  author        =   {Simacek, Maffei and Alexandrino, Simone Thereza},
  year          =   {2016},
  publisher     =   {Universidade Estadual Paulista (UNESP)}
}
%https://repositorio.unesp.br/handle/11449/136228