@mastersthesis{filgueira2018importancia,
  title     =   {A Import{\^a}ncia da ludicidade nos jogos digitais educacionais},
  author    =   {Filgueira, M{\'a}rio S{\'e}rgio Gomes},
  type      =   {{B.S.} thesis},
  year      =   {2018},
  school    =   {Universidade Federal do Rio Grande do Norte}
}
%https://monografias.ufrn.br/jspui/bitstream/123456789/8415/1/A%20Importância%20da%20Ludicidade%20nos%20Jogos%20Digitais%20Educacionais%20-%20Mário%20Sérgio%20Gomes%20Filgueira.pdf

@article{limeira2015avaliaccao,
  title     =   {Avalia{\c{c}}{\~a}o, an{\'a}lise e desenvolvimento de jogo s{\'e}rio digital para desktop sobre sintomas e procedimentos de emerg{\^e}ncia do Acidente Vascular Cerebral},
  author    =   {Limeira, Carlos Felippe Dias and Rosa, Jos{\'e} Guilherme Santa and Pinho, Andr{\'e} Lu{\'\i}s Santos de},
  journal   =   {Blucher Design Proceedings},
  volume    =   {2},
  number    =   {2},
  pages     =   {398--409},
  year      =   {2015}
}
%http://pdf.blucher.com.br.s3-sa-east-1.amazonaws.com/designproceedings/cidi2015/cidi_190.pdf