% Encoding: UTF-8

@Book{walker1988physically,
  title         = {The physically and sexually abused child},
  publisher     = {Pergamon Press},
  year          = {1988},
  author        = {Walker, C Eugene and Bonner, Barbara L and Kaufman, Keith L},
  address       = {New York},
  subtitle      = {Evaluation and treatment},
  url           = {http://books.google.com/books?id=TYNHAAAAMAAJ},
  urlaccessdate = {20 abr. 2020},
}
%http://books.google.com/books?id=TYNHAAAAMAAJ
%Não me recordo

@Article{aded2006abuso,
	author        = {Aded, Naura Liane de Oliveira and Dalcin, Bruno Lu{\'\i}s Galluzzi da Silva and Moraes, Talvane Marins de and Cavalcanti, Maria Tavares},
  title         = {Abuso sexual em crian{\c{c}}as e adolescentes},
	journal       = {Archives of Clinical Psychiatry},
  year          = {2006},
  volume        = {33},
  number        = {4},
  pages         = {204--213},
  publisher     = {SciELO},
  address       = {São Paulo},
  doi           = {http://dx.doi.org/10.1590/S0101-60832006000400006},
  subtitle      = {revis{\~a}o de 100 anos de literatura},
	url           = {http://www.scielo.br/scielo.php?script=sci_arttext&pid=S0101-60832006000400006&nrm=iso},
	urlaccessdate	=	{13 abr. 2020},
}
%https://www.scielo.br/scielo.php?script=sci_arttext&pid=S0101-60832006000400006
%Página 204

@Article{stoltenborgh2011global,
  author        = {Stoltenborgh, Marije and Van Ijzendoorn, Marinus H and Euser, Eveline M and Bakermans-Kranenburg, Marian J},
  title         = {A global perspective on child sexual abuse},
  journal       = {Child Maltreatment},
  year          = {2011},
  volume        = {16},
  number        = {2},
  pages         = {79--101},
  address       = {Leiden},
  publisher     = {Sage},
  doi           = {https://doi.org/10.1177/1077559511403920},
  issn          = {1552-6119},
  note          = {PMID: 21511741},
  subtitle      = {meta-analysis of prevalence around the world},
  url           = {https://journals.sagepub.com/doi/abs/10.1177/1077559511403920},
  urlaccessdate	=	{23 abr. 2020},
}
%https://journals.sagepub.com/doi/abs/10.1177/1077559511403920
%Página 87

@Article{azzopardi2019meta,
  author        = {Azzopardi, Corry and Eirich, Rachel and Rash, Christina L and MacDonald, Sarah and Madigan, Sheri},
  title         = {A meta-analysis of the prevalence of child sexual abuse disclosure in forensic settings},
  journal       = {Child abuse \& neglect},
  year          = {2019},
  volume        = {93},
  pages         = {291--304},
  address       = {Calgary},
  publisher     = {Elsevier},
  doi           = {https://doi.org/10.1016/j.chiabu.2018.11.020},
  issn          = {0145-2134},
  url           = {https://www.sciencedirect.com/science/article/abs/pii/S0145213418304411},
  urlaccessdate	=	{23 abr. 2020},
}
%https://www.sciencedirect.com/science/article/abs/pii/S0145213418304411
%Página 291 

@Techreport{brasil2020abuso,
  address       = {Brasília, DF},
  organization  = {Brasil},
  note          = {Ministério da Mulher, da Família e dos Direitos Humanos. Secretaria Nacional dos Direitos da Criança e do Adolescente},
  pages         = {28},
  title         = {Abuso Sexual contra Crianças e Adolescentes},
  subtitle      = {Abordagem de casos concretos em uma perspectiva multidisciplinar e interinstitucional},
  year          = {2020},
  url           = {https://www.gov.br/mdh/pt-br/assuntos/noticias/2020-2/maio/cartilhamaiolaranja.pdf},
  urlaccessdate = {31 jan. 2021},
}
%https://www.gov.br/mdh/pt-br/assuntos/noticias/2020-2/maio/cartilhamaiolaranja.pdf
%escreveram errado: ALOLESCENTE
%Página 7 

@Misc{azevedo2020telecurso,
  author        = {Azevedo, Maria Amélia and Guerra, Viviane Nogueira de Azevedo},
  title         = {Telecurso de Especialização na Área da Violência Doméstica Contra Crianças e Adolescentes},
  address       = {São Paulo},
  publisher     = {Universidade de São Paulo},
  year          = {2000},
}
%Fazendo APUD com brasil2020abuso

@Article{pinto2017avaliaccao,
  author        = {Pinto Junior, Antonio Augusto and Calefi, Mariana Faria and Teixeira, Priscila Almeida},
  title         = {Avaliação de um Programa de Esclarecimento sobre Abuso Sexual Infantil para pais e responsáveis},
  journal       = {Revista Ci{\^e}ncia em Extens{\~a}o},
  year          = {2017},
  volume        = {13},
  number        = {3},
  pages         = {13--24},
  issn          = {1679-4605},
  url           = {https://ojs.unesp.br/index.php/revista_proex/article/view/1476/1409},
  urlaccessdate	=	{13 abr. 2020}, 
}
%https://ojs.unesp.br/index.php/revista_proex/article/view/1476/1409
%Página 15

@Article{Lei:8069:1990,
  author        = {Brasil},
  title         = {Lei nº 8.069, de 13 de julho de 1990},
  nota          = {Dispõe sobre o Estatuto da Criança e do Adolescente e dá outras providências.},
  journal       = {Diário Oficial [da] República Federativa do Brasil},
  year          = {1990},
  date          = {1990-07-16},
  organization  = {Brasil},
  issn          = {1677-7042},
  url           = {https://pesquisa.in.gov.br/imprensa/jsp/visualiza/index.jsp?data=16/07/1990&jornal=1&pagina=1&totalArquivos=80},
  urlaccessdate = {13 abr. 2020},
  address       = {Brasília, DF},
  shorttitle    = {Lei nº 8.069/1990},
}
%http://www.planalto.gov.br/ccivil_03/leis/l8069.htm
%Página/Artº 2

@Article{Lei:13431:2017,
  author        = {Brasil},
  title         = {Lei nº 13.431, de 4 de abril de 2017},
  nota          = {Regulamento Estabelece o sistema de garantia de direitos da criança e do adolescente vítima ou testemunha de violência e altera a Lei nº 8.069, de 13 de julho de 1990 (Estatuto da Criança e do Adolescente).},
  journal       = {Diário Oficial [da] República Federativa do Brasil},
  year          = {2017},
  date          = {2017-04-05},
  organization  = {Brasil},
  issn          = {1677-7042},
  url           = {https://pesquisa.in.gov.br/imprensa/jsp/visualiza/index.jsp?jornal=1&pagina=1&data=05/04/2017&totalArquivos=232},
  urlaccessdate = {13 abr. 2020},
  address       = {Brasília, DF},
  shorttitle    = {Lei nº 13.431/2017},
}
%http://www.planalto.gov.br/ccivil_03/_ato2015-2018/2017/lei/l13431.htm
%Página/Artº 4

@Misc{sayao2006refazendo,
  author        = {Say{\~a}o, Yara},
  title         = {Refazendo la{\c{c}}os de prote{\c{c}}{\~a}o},
  publisher     = {Childhood Brasil},
  year          = {2006},
  address       = {São Paulo},
  subtitle      = {a{\c{c}}{\~o}es de preven{\c{c}}{\~a}o ao abuso e {\`a} explora{\c{c}}{\~a}o sexual comercial de crian{\c{c}}as e adolescentes: manual de orienta{\c{c}}{\~a}o para educadores},
  isbn          = {85-85786-56-6},
  url           = {https://www.childhood.org.br/publicacoes-orientam-profissionais-a-prevenir-a-violencia-sexual},
  urlaccessdate	=	{26 abr. 2020},
}
%https://www.childhood.org.br/wp-content/uploads/2006/10/REFAZENDO-LA%C3%87OS-DE-PROTE%C3%87%C3%83O.pdf
%http://www.crianca.mppr.mp.br/arquivos/File/publi/childhood/refazendo_lacos_sjc_net.pdf
%Página 28

@Misc{santos2011guia,
  author        = {Santos, Benedito Rodrigues dos},
  title         = {Guia escolar},
  publisher     = {Serop{\'e}dica},
  year          = {2011},
  address       = {Rio de Janeiro},
  subtitle      = {identifica{\c{c}}{\~a}o de sinais de abuso e explora{\c{c}}{\~a}o sexual de crian{\c{c}}as e adolescentes},
  isbn          = {978-85-8067-008-0},
  url           = {https://bibliotecadigital.mdh.gov.br/jspui/handle/192/1117},
  urlaccessdate	=	{27 abr. 2020},
}
%http://portaldoprofessor.mec.gov.br/storage/materiais/0000016936.pdf
%Página 67

@Conference{ibiapina2013influencias,
  author        = {Ibiapina, Aricelma Costa and da Rocha, Genylton Odilon R{\^e}go},
  title         = {As Influência do debate acerca da Violência Sexual contra Crianças e Adolescentes sobre o Currículo Escolar},
  booktitle     = {Simpósio Brasileiro de Política e Administração da Educação XXVI},
  publisher     = {Anpae},
  year          = {2013},
  address       = {Goiânia},
  issn          = {2447-4193},
  url           = {https://anpae.org.br/simposio26/comunicacoes.html},
  urlaccessdate	=	{27 abr. 2020},
}
%http://www.anpae.org.br/simposio26/1comunicacoes/Aricelmacostaibiapina-ComunicacaoOral-int.pdf
%Página 8
%[2013?]

@PhdThesis{barros2016participaccao,
  author        = {Barros, Marilene Maria Aquino Castro de},
  title         = {A participa{\c{c}}{\~a}o da escola no enfrentamento da explora{\c{c}}{\~a}o sexual contra crian{\c{c}}as e adolescentes em munic{\'\i}pios impactados por grandes projetos minero-metal{\'u}rgicos},
  school        = {Universidade Federal do Par{\'a}},
  year          = {2016},
  address       = {Universidade Federal do Pará},
  subtitle      = {{um estudo de caso em Juruti (PA)}},
  url           = {http://repositorio.ufpa.br/jspui/handle/2011/8379},
  urlaccessdate = {27 abr. 2020},
}
%http://ppgedufpa.com.br/arquivos/File/TESEmarilene.pdf
%Página 46

@Misc{lima2015violencia,
  author        = {Lima, Maria Jos{\'e} Barros},
  title         = {Viol{\^e}ncia sexual contra crian{\c{c}}as e adolescentes},
  publisher     = {Universidade de Brasília},
  year          = {2015},
  address       = {Brasília, DF},
  subtitle      = {preven{\c{c}}{\~a}o nas escolas p{\'u}blicas de Ceil{\^a}ndia Sul/DF},
  url           = {https://bdm.unb.br/handle/10483/14536},
  urlaccessdate = {26 abr. 2020},
}
%Trabalho de Conclusão de Curso
%https://www.bdm.unb.br/bitstream/10483/14536/1/2015_MariaJoseBarrosLima_tcc.pdf
%Página 19

@Article{habigzang2005abuso,
  author        = {Habigzang, Luísa F. AND Koller, Sílvia H. AND Azevedo, Gabriela Azen AND Machado, Paula Xavier},
  title         = {{Abuso sexual infantil e dinâmica familiar}},
  journal       = {{Psicologia: Teoria e Pesquisa}},
  year          = {2005},
  volume        = {21},
  number        = {3},
  pages         = {341--348},
  issn          = {0102-3772},
  address       = {Brasília, DF},
  publisher     = {SciELO},
  doi           = {https://doi.org/10.1590/S0102-37722005000300011},
  subtitle      = {aspectos observados em processos jurídicos},
  url           = {http://www.scielo.br/scielo.php?script=sci_arttext&pid=S0102-37722005000300011&nrm=iso},
  urlaccessdate = {27 abr. 2020},
}
%http://www.scielo.br/pdf/ptp/v21n3/a11v21n3.pdf
%Página 341

@Techreport{brasil2018violencia,
  address       = {Brasília, DF},
  organization  = {Brasil},
  note          = {Minist{\'e}rio dos Direitos Humanos},
  pages         = {494},
  title         = {Viol{\^e}ncia contra Crian{\c{c}}as e Adolescentes},
  subtitle      = {An{\'a}lise de Cen{\'a}rios e Propostas de Pol{\'\i}ticas P{\'u}blicas},
  year          = {2018},
  url           = {https://www.gov.br/mdh/pt-br/centrais-de-conteudo/crianca-e-adolescente/violencia-contra-criancas-e-adolescentes-analise-de-cenarios-e-propostas-de-politicas-publicas-2.pdf/view},
  urlaccessdate = {27 abr. 2020},
}
%https://www.gov.br/mdh/pt-br/centrais-de-conteudo/crianca-e-adolescente/violencia-contra-criancas-e-adolescentes-analise-de-cenarios-e-propostas-de-politicas-publicas-2.pdf
%Página 38

@MastersThesis{lima2013violencia,
  author        = {Lima, Edyane Silva de},
  title         = {Violência sexual contra crianças},
  school        = {Universidade Estadual de Maringá},
  year          = {2013},
  address       = {Maringá}, 
  subtitle      = {formação docente em discussão},
  url           = {http://www.ppe.uem.br/dissertacoes.htm},
  urlaccessdate = {27 abr. 2020},
}
%http://www.ppe.uem.br/dissertacoes/2013%20-%20Edyane.pdf
%Página 46

@Techreport{brasil2002notificacao,
  address       = {Brasília, DF},
  organization  = {Brasil},
  note          = {{Minist{\'e}rio da Sa{\'u}de}},
  pages         = {49},
	title			    =	{Notifica{\c c}{\~a}o de maus-tratos contra crian{\c c}as e adolescentes pelos profissionais de sa{\'u}de},
	subtitle      = {um passo a mais na cidadania em sa{\'u}de},
  year			    =	{2002},
	url				    =	{https://pesquisa.bvsalud.org/portal/resource/pt/lis-17594},
	urlaccessdate = {12 abr. 2020}
}
%https://bvsms.saude.gov.br/bvs/publicacoes/notificacao_maustratos_criancas_adolescentes.pdf
%Página 14

@Misc{santos2009guia,
  author        = {Santos, Benedito Rodrigues dos and Ippolito, Rita},
  title         = {Guia de refer{\^e}ncia},
  publisher     = {Childhood Brasil},
  year          = {2009},
  address       = {São Paulo},
  subtitle      = {construindo uma cultura de preven{\c{c}}{\~a}o {\`a} viol{\^e}ncia sexual},
  isbn          = {978-85-62194-01-6},
  url           = {https://www.childhood.org.br/construindo-uma-cultura-de-prevencao-a-violencia-sexual},
  urlaccessdate	=	{26 abr. 2020},
}
%http://www.crianca.mppr.mp.br/arquivos/File/publi/childhood/guia_de_referencia.pdf
%Página 30

@Inbook{wiki:AgeOfConsent,
  publisher     = {Wikimedia},
  title         = {Consent},
  booktitle     = {Wikip\'edia: a enciclop\'edia livre},
  year          = {2021},
  url           = {https://en.wikipedia.org/wiki/Age_of_consent},
  urlaccessdate = {18 mai. 2021},
 }
%https://en.wikipedia.org/wiki/Age_of_consent

@Book{waites2005age,
  title         = {The age of consent},
  publisher     = {Springer},
  year          = {2005},
  author        = {Waites, Matthew},
  address       = {New York},
  doi           = {https://doi.org/10.1057/9780230505933},
  isbn          = {978-0-230-23718-6},
  url           = {https://link.springer.com/book/10.1057%2F9780230505933},
  urlaccessdate = {18 mai. 2021},
}
%https://link.springer.com/book/10.1057%2F9780230505933
%Capítulo Age of Consent Laws in Global Perspective

@Article{Lei:12015:2009,
  author        = {Brasil},
  title         = {Lei nº 12.015, de 7 de Agosto de 2009},
  nota          = {ltera o Título VI da Parte Especial do Decreto-Lei no 2.848, de 7 de dezembro de 1940 - Código Penal, e o art. 1o da Lei no 8.072, de 25 de julho de 1990, que dispõe sobre os crimes hediondos, nos termos do inciso XLIII do art. 5o da Constituição Federal e revoga a Lei no 2.252, de 1o de julho de 1954, que trata de corrupção de menores.},
  journal       = {Diário Oficial [da] República Federativa do Brasil},
  year          = {2009},
  date          = {2009-08-10},
  organization  = {Brasil},
  issn          = {1677-7042},
  url           = {https://pesquisa.in.gov.br/imprensa/jsp/visualiza/index.jsp?jornal=1&pagina=1&data=05/04/2017&totalArquivos=232},
  urlaccessdate = {18 mai. 2021},
  address       = {Brasília, DF},
  shorttitle    = {Lei nº 12.015/2009},
}
%http://www.planalto.gov.br/ccivil_03/_ato2015-2018/2017/lei/l13431.htm
%Página/Artº 229

@Article{pavao2013impasse,
  author			  =	{Pav{\~a}o, Maria Theresa Bittencourt},
	title			    =	{O impasse na suspeita ou na confirma{\c{c}}{\~a}o de abuso sexual infantil},
	journal			  =	{Boletim do Instituto de Sa{\'u}de},
  year			    =	{2013},
	volume			  =	{14},
	number			  =	{3},
	pages			    =	{274--279},
  publisher     = {SciELO},
  address       = {São Paulo},
  issn          = {1518-1812},
  subtitle      = {a necessidade de encontrar marcas f{\'\i}sicas},
	url				    =	{http://periodicos.ses.sp.bvs.br/pdf/bis/v14n3/v14n3a04.pdf},
	urlaccessdate = {12 abr. 2020},
	
}
%http://periodicos.ses.sp.bvs.br/scielo.php?script=sci_arttext&pid=S1518-18122013000400004&lng=pt&nrm=iso&tlng=pt#:~:text=As%20crian%C3%A7as%20abusadas%20sexualmente%20n%C3%A3o,uma%20poss%C3%ADvel%20ocorr%C3%AAncia%20de%20viol%C3%AAncia.
%Página 276

@Article{deslandes2016atendimento,
  author        = {Deslandes, Suely Ferreira and Vieira, Luiza Jane Eyre de Souza and Cavalcanti, Ludmila Fontenele and Silva, Raimunda Magalh{\~a}es da},
  title         = {Atendimento {\`a} sa{\'u}de de crian{\c{c}}as e adolescentes em situa{\c{c}}{\~a}o de viol{\^e}ncia sexual, em quatro capitais brasileiras},
  journal       = {Interface-Comunica{\c{c}}{\~a}o, Sa{\'u}de, Educa{\c{c}}{\~a}o},
  year          = {2016},
  volume        = {20},
  number        = {59},
  pages         = {865--877},
  publisher     = {SciELO},
  address       = {Botucatu},
  issn          = {1807-5762},
  doi           = {https://doi.org/10.1590/1807-57622015.0405 },
  url           = {https://www.scielo.br/scielo.php?script=sci_arttext&pid=S1414-32832016000400865},
  urlaccessdate = {27 abr. 2020},
}
%http://www.scielo.br/pdf/icse/v20n59/1807-5762-icse-1807-576220150405.pdf
%Página 866

@Article{mariscal2003programa,
  author        = {Mariscal, Susana and Guti{\'e}rrez, Blanca},
  title         = {Programa integral de prevenci{\'o}n del maltrato infantil por abuso sexual},
  journal       = {Ajayu {\'O}rgano de Difusi{\'o}n Cient{\'\i}fica del Departamento de Psicolog{\'\i}a UCBSP},
  year          = {2003},
  volume        = {1},
  number        = {1},
  pages         = {75--94},
  publisher     = {SciELO},
  address       = {La Paz},
  issn          = {2077-2161},
  url           = {http://www.scielo.org.bo/scielo.php?pid=S2077-21612003000100005&script=sci_arttext},
  urlaccessdate	=	{13 abr. 2020},
}
%http://www.scielo.org.bo/pdf/rap/v1n1/v1n1a05.pdf
Página 5 e 12

@Article{acuna2014abuso,
  author        = {Acu{\~n}a Navas, Mar{\'\i}a Jos{\'e}},
  title         = {Abuso sexual en menores de edad},
  journal       = {Medicina Legal de Costa Rica},
  year          = {2014},
  volume        = {31},
  number        = {1},
  pages         = {57--69},
  publisher     = {SciELO},
  address       = {Heredia},
  issn          = {2215-5287},
  subtitle      = {generalidades, consecuencias y prevenci{\'o}n},
  url           = {https://www.scielo.sa.cr/scielo.php?pid=S1409-00152014000100006&script=sci_arttext&tlng},
  urlaccessdate	=	{4 mai. 2020},
}
%https://www.scielo.sa.cr/scielo.php?pid=S1409-00152014000100006&script=sci_arttext&tlng=en
%Página (segundo capítulo)

@Techreport{OMS2003guidelines,
  address       = {Geneva},
  organization  = {OMS},
  pages         = {154},
  title         = {Guidelines for medico-legal care for victims of sexual violence},
  year          = {2001},
  url           = {https://www.who.int/violence_injury_prevention/publications/violence/med_leg_guidelines/en/},
  urlaccessdate	=	{4 mai. 2020},
}
%https://apps.who.int/iris/bitstream/handle/10665/42788/924154628X.pdf
%Página 12, 13, 14

@MastersThesis{meurer2017direitos,
  author        = {Meurer, Indianara dos Santos},
  title         = {Os direitos de crian{\c{c}}as e adolescentes contra a viol{\^e}ncia sexual},
  school        = {Universidade Estadual do Oeste do Paraná},
  year          = {2017},
  address       = {Cascavel},
  subtitle      = {um estudo dos documentos nacionais (2000-2013)},
  url           = {http://tede.unioeste.br/handle/tede/3417},
  urlaccessdate = {27 abr. 2020},
}
%https://docs.google.com/viewerng/viewer?url=http://tede.unioeste.br/bitstream/tede/3417/5/Indianara_Meurer2017.pdf
%Página 74

@Article{florentino2015possiveis,
  author        = {Florentino, Bruno Ricardo B{\'e}rgamo},
  title         = {As poss{\'\i}veis consequ{\^e}ncias do abuso sexual praticado contra crian{\c{c}}as e adolescentes},
  journal       = {Fractal: Revista de Psicologia},
  year          = {2015},
  volume        = {27},
  number        = {2},
  pages         = {139--144},
  address       = {Rio de Janeiro},  
  publisher     = {SciELO},
  issn          = {1984-0292},
  doi           = {http://dx.doi.org/10.1590/1984-0292/805 },
  url           = {https://www.scielo.br/scielo.php?pid=S1984-02922015000200139&script=sci_arttext&tlng=pt},
  urlaccessdate = {27 abr. 2020},

}
%http://www.scielo.br/scielo.php?pid=S1984-02922015000200139&script=sci_arttext&tlng=pt
%Página 142

@Misc{pereira2011crescimento,
  author        = {Pereira, Orlando Ant{\^o}nio},
  title         = {Crescimento e desenvolvimento},  
  journal       = {Apostila de Pediatria da Faculdade de Ci{\^e}ncias M{\'e}dicas da Unifenas},
  year          = {2011},
  address       = {Alfenas}, 
  publisher     = {Universidade José do Rosário Vellano},
  url           = {http://www.orlandopereira.com.br/puericultura/Crescimento%20e%20Desenvolvimento.pdf},
  urlaccessdate = {29 abr. 2020},
}
%http://www.orlandopereira.com.br/puericultura/Crescimento%20e%20Desenvolvimento.pdf
%Página 3

@Techreport{OMS2017responding,
  address       = {Geneva},
  organization  = {OMS},
  title         = {Responding to children and adolescents who have been sexually abused},
  year          = {2017},
  pages         = {73},
  subtitle      = {WHO clinical guidelines},
  isbn          = {978-92-4-155014-7},
  url           = {https://www.who.int/reproductivehealth/publications/violence/clinical-response-csa/en/},
  urlaccessdate	=	{13 mai. 2020},
}
%https://apps.who.int/iris/bitstream/handle/10665/259270/9789241550147-eng.pdf;jsessionid=5A2DF8E146C231CA5D3D59545F04B83D?sequence=1
%Página 7

@Misc{globo2020tres,
  organization  = {O Globo},
  title         = {Três crianças ou adolescentes são abusadas sexualmente no Brasil a cada hora},
  year          = {2020},
  subtitle      = {Índice de notificações, de 2018, é o maior já registrado desde 2011, quando agentes de saúde passaram a ter a obrigação de computar atendimentos},
  url           = {https://oglobo.globo.com/sociedade/tres-criancas-ou-adolescentes-sao-abusadas-sexualmente-no-brasil-cada-hora-24280326},
  urlaccessdate = {29 abr. 2020},
}
%https://oglobo.globo.com/sociedade/tres-criancas-ou-adolescentes-sao-abusadas-sexualmente-no-brasil-cada-hora-24280326
%Imagem

@Techreport{australia2000preventing,
  address       = {Melbourne},
  organization  = {Austr{\'a}lia},
  note          = {{Australian Institute of Family Studies}},
  title         = {Preventing child abuse and neglect},
  year          = {2000},
  pages         = {207},
  subtitle      = {Findings from an Australian audit of prevention programs},
  isbn          = {0 642 39483 0},
  url           = {https://aifs.gov.au/cfca/publications/preventing-child-abuse-and-neglect},
  urlaccessdate = {14 nov. 2020},
}
%https://aifs.gov.au/cfca/sites/default/files/publication-documents/audit_0.pdf
%Página TUDO

@Techreport{inspire2016seven,
  address       = {Washington},
  organization  = {OMS},
  title         = {Inspire},
  year          = {2016},
  pages         = {108},
  subtitle      = {Seven strategies for Ending Violence Against Children},
  isbn          = {978-92-75-71941-1 },
  url           = {https://www.who.int/publications/i/item/inspire-seven-strategies-for-ending-violence-against-children},
  urlaccessdate	=	{14 nov. 2020},
}
%https://iris.paho.org/bitstream/handle/10665.2/33852/9789275719411-por.pdf?sequence=1&isAllowed=y
%Página TUDO

@Article{finkelhor2009prevention,
  author        = {Finkelhor, David},
	title         = {The prevention of childhood sexual abuse},
	journal       = {The future of children},
  year          = {2009},
  volume        = {19},
  number        = {2},
	pages         = {169--194},
  address       = {Princeton},
	url           = {https://www.jstor.org/stable/27795052},
	Urlaccessdate	=	{13 abr. 2020},
	publisher     = {Universidade de Princeton},
}
%http://unh.edu/ccrc/pdf/CV192.pdf
%Página TUDO

@Article{sanderson2004child,
  author        = {Sanderson, Jennifer},
  title         = {Child-focused sexual abuse prevention programs},
  journal       = {Crime and Misconduct Commission: Research and Issues paper Series},
  year          = {2004},
  number        = {5},
  address       = {Brisbane},
  url           = {https://www.researchgate.net/publication/242766154_Child-focused_sexual_abuse_prevention_programs_How_effective_are_they_in_preventing_child_abuse},
  Urlaccessdate	=	{6 nov. 2020},
  publisher     = {ResearchGate},
}
%https://www.researchgate.net/publication/242766154_Child-focused_sexual_abuse_prevention_programs_How_effective_are_they_in_preventing_child_abuse
%Página TUDO

@Article{hora2017violencia,
  author        = {Hora, Taiane Damasceno da and Paiva, Ariane Rego de},
  title         = {Viol{\^e}ncia sexual contra crian{\c{c}}as e adolescentes no campo da sa{\'u}de e a intersetorialidade no sistema de garantias de direitos},
  journal       = {Revista Sustinere},
  volume        = {5},
  number        = {2},
  pages         = {296--316},
  year          = {2017},
  doi           = {http://dx.doi.org/10.12957/sustinere.2017.30004},
  issn          = {2359-0424},
  url           = {https://www.e-publicacoes.uerj.br/index.php/sustinere/article/view/30004},
  Urlaccessdate	=	{27 abr. 2020},
  publisher     = {Universidade do Estado do Rio de Janeiro},
}
%https://www.e-publicacoes.uerj.br/index.php/sustinere/article/view/30004/23155
%Página 306

@Techreport{fbsp2019anuario,
  address       = {São Paulo},
  organization  = {FBSP},
  title         = {Anuário Brasileiro de Segurança Pública},
  year          = {2019},
  pages         = {218},
  subtitle      = {2019},
  issn          = {1983-7364},
  url           = {https://forumseguranca.org.br/anuario-13/},
  urlaccessdate	=	{27 abr. 2020},
}
%https://iris.paho.org/bitstream/handle/10665.2/33852/9789275719411-por.pdf?sequence=1&isAllowed=y
%Página 193

@Techreport{OMS2002world,
  address       = {Geneva},
  organization  = {OMS},
  title         = {The world report on violence and health},
  pages         = {360},
  year          = {2002},
  issn          = {92-4-154561-5},
  url           = {https://apps.who.int/iris/handle/10665/42495},
  urlaccessdate	=	{30 abr. 2020},
}
%https://apps.who.int/iris/bitstream/handle/10665/42495/9241545615_eng.pdf?sequence=1
%Página 150 (aqui também tem um modelo ecológico, tinha esquecido)

@Article{plummer1999history,
  author        = {Plummer, Carol A},
  title         = {The history of child sexual abuse prevention},
  journal       = {Journal of Child Sexual Abuse},
  volume        = {7},
  number        = {4},
  year          = {1999},
  pages         = {77--95},
  address       = {Michigan},
  subtitle      = {A practitioner's perspective},
  doi           = {https://doi.org/10.1300/J070v07n04_06},
  url           = {https://www.tandfonline.com/doi/abs/10.1300/J070v07n04_06},
  urlaccessdate	=	{20 abr. 2020},
  publisher     = {Routledge}
}
%https://www.tandfonline.com/doi/abs/10.1300/J070v07n04_06
%Página 85
 
@Article{muller2014child,
  author        = {M{\"u}ller, Anna R and R{\"o}der, Mandy and Fingerle, Michael},
  title         = {Child sexual abuse prevention goes online},
  subtitle      = {Introducing “Cool and Safe” and its effects},
  journal       = {Computers \& Education},
  volume        = {78},
  pages         = {60--65},
  address       = {Frankfurt},
  year          = {2014},
  issn          = {0360-1315},
  doi           = {https://doi.org/10.1016/j.compedu.2014.04.023},
  url           = {https://www.sciencedirect.com/science/article/pii/S0360131514001183},
  urlaccessdate	=	{1 mai. 2020},
  publisher     = {Elsevier}
}
%https://www.sciencedirect.com/science/article/abs/pii/S0360131514001183
%Página TUDO

@Article{maria2010papel,
  author        = {Maria, Susana and Ornelas, Jos{\'e}},
  title         = {O papel da comunidade na preven{\c{c}}{\~a}o dos abusos sexuais de crian{\c{c}}as (ASC)},
  journal       = {An{\'a}lise Psicol{\'o}gica},
  volume        = {28},
  number        = {3},
  pages         = {411--436},
  address       = {Lisboa},
  url           = {http://www.scielo.mec.pt/scielo.php?script=sci_arttext&pid=S0870-82312010000300004},
  urlaccessdate	=	{19 abr. 2020},
  year          = {2010},
  publisher     = {Instituto Superior de Psicologia Aplicada}
}
%http://www.scielo.mec.pt/pdf/aps/v28n3/v28n3a04.pdf
%Página 429

@Article{collin2013lessons,
  author			  =	{Collin-V{\'e}zina, Delphine and Daigneault, Isabelle and H{\'e}bert, Martine},
	title			    =	{Lessons learned from child sexual abuse research},
	journal			  =	{Child and adolescent psychiatry and mental health},
	volume			  =	{7},
	number			  =	{1},
	year			    =	{2013},
  address       = {Rockville},
  subtitle      = {Prevalence, outcomes, and preventive strategies},
  doi           = {https://doi.org/10.1186/1753-2000-7-22},
	url				    =	{https://www.ncbi.nlm.nih.gov/pmc/articles/PMC3720272/},
  pmcid         = {PMC3720272},
	urlaccessdate = {12 abr. 2020},
	publisher		  =	{National Library of Medicine}
}
%https://capmh.biomedcentral.com/track/pdf/10.1186/1753-2000-7-22
%Página 5

@Article{miranda2018abordagem,
  author        = {Miranda, Jean Carlos and Gonzaga, Glaucia Ribeiro and Pereira, Patricia Elias},
  title         = {Abordagem do tema doen{\c{c}}as sexualmente transmiss{\'\i}veis, no ensino fundamental regular, a partir de um jogo did{\'a}tico},
  journal       = {Acta Biomedica Brasiliensia},
  volume        = {9},
  number        = {1},
  pages         = {105--121},
  address       = {Santo Antônio de Pádua},
  year          = {2018},
  issn          = {2236-0867},
  doi           = {http://dx.doi.org/10.18571/acbm.159},
  url           = {https://dialnet.unirioja.es/servlet/articulo?codigo=6548911},
  urlaccessdate = {29 jan. 2021},
  publisher     = {Universidade Federal Fluminense}
}
%https://dialnet.unirioja.es/servlet/articulo?codigo=6548911
%Página 106

@PhdThesis{colleen2016advancing,
  author        = {Colleen Stieler-Hunt},
  title         = {Advancing the use of Digital Game-Play in Primary and Secondary School Classrooms to Establish Supportive and Engaging Classroom Learning Environments},
  school        = {Universidade de Sunshine Coast},
  year          = {2016},
  address       = {Maroochydore},
  url           = {https://pdfs.semanticscholar.org/e00d/2f1f3824816c591dc16c95392253a21a6d86.pdf},
  urlaccessdate	=	{17 abr. 2020},
}
%https://ap-st01.ext.exlibrisgroup.com/61USC_INST/upload/1616355728230_PDF%20-%20Thesis.pdf?Expires=1616355850&Signature=DkpXY7iHcLEinJHG3miN7aObOrz3FwJ9TkRb9KTPXldW9tEbUirx1L12TRLVSvJjR7p-P6vG-imXKuQr54TNe5wqs0geVeKLExw4uZ-Ex9X5GRsXhjjEj5DHdtUFLVBjsE0tlWQOc4Fy001Zol50vuabofPbIi1zfhzobhVr9eggvsWB~qF-9vYW2N59BDScjD3Cs1IE2qeWrmc2PJ7slq4miwaICokIfML6eg0cI5YOHLLc2tRiaYYLoppkEiv8qGWi8MBM~BKG~OXyYepdFsxvo4j9pSKjLUs-lY-4ld5ymhgwuqNaCgfi4SNfLV1TCBY48U2eGVJVWKmlTidtMw__&Key-Pair-Id=APKAJ72OZCZ36VGVASIA
%Página 92

@Techreport{nic2019pesquisa,
  address       = {São Paulo},
  organization  = {CGI.br},
  title         = {Pesquisa sobre o uso da Internet por crianças e adolescentes no Brasil},
  pages         = {268},
  year          = {2019},
  isbn          = {978-65-86949-23-0},
  subtitle      = {TIC Kids Online Brasil 2019},
  url           = {https://cetic.br/pt/publicacao/pesquisa-sobre-o-uso-da-internet-por-criancas-e-adolescentes-no-brasil-tic-kids-online-brasil-2019/},
  urlaccessdate	=	{29 jan. 2021},  
}
%https://cetic.br/media/docs/publicacoes/2/20201123093344/tic_kids_online_2019_livro_eletronico.pdf
%Página 25

@Inproceedings{jones2008online,
  author        = {Jones, Christian},
  title         = {Online Games-Based Child Safety Environment},
  year          = {2008},
  isbn          = {9781605584249},
  publisher     = {Association for Computing Machinery},
  address       = {New York},
  doi           = {https://doi.org/10.1145/1514402.1514406},
  booktitle     = {Proceedings of the 5th Australasian Conference on Interactive Entertainment},
  number        = {4},
  volume        = {8},
  address       = {Brisbane},
}
%Urlaccessdate		=	{24.11.2020},
%https://dl.acm.org/doi/abs/10.1145/1514402.1514406
%Página TUDO

@Misc{fingerle2018abschlussbericht,
  author        = {Fingerle, Michael and Rinnert, Kerstin},
  title         = {Abschlussbericht},
  subtitle      = {„Evaluation Cool and Safe“},
  publisher     = {Universidade de Frankfurt},
  address       = {Frankfurt},
  url           = {https://www.smogline.de/images/stories/1-Download/1-Bausteine/2-Evaluationsstudie%20Cool_and_Safe.pdf},
  urlaccessdate	=	{19 abr. 2020},
  year          = {201-},
}
%https://www.smogline.de/images/stories/1-Download/1-Bausteine/2-Evaluationsstudie%20Cool_and_Safe.pdf
%Página TUDO

@MastersThesis{diocesano2018infancia,
  author        = {Diocesano, Tiago Francisco Andrade},
  title         = {Um Jogo como Estratégia de Apoio à Prevenção da Violência Sexual Infantil},
  school        = {Universidade do Estado de Santa Catarina},
  year          = {2018},
  address       = {Joinville},
  url           = {https://www.udesc.br/cct/ppgca/publicacoes/dissertacoes},
  urlaccessdate = {29 out. 2018},
}
%https://www.udesc.br/arquivos/cct/id_cpmenu/1024/disserta_ao_completa_15532596804969_1024.pdf
%Página TUDO

@Book{wazlawick2014metodologia,
  title         = {Metodologia de pesquisa para ci{\^e}ncia da computa{\c{c}}{\~a}o},
  author        = {Wazlawick, Raul Sidnei},
  year          = {2014},
  publisher     = {Elsevier},
  address       = {Rio de Janeiro},
  edition       = {2},
  isbn          = {978-85-352-7782-1},  
}
%livro da biblioteca da UDESC
%Página 56

@Techreport{unesco2018international,
  address       = {Geneva},
  organization  = {UNESCO},
  title         = {Orientações técnicas internacionais de educação em sexualidade},
  pages         = {148},
  year          = {2019},
  isbn          = {978-85-7652-236-2},
  subtitle      = {Uma abordagem baseada em evidências},
  url				    = {https://unesdoc.unesco.org/ark:/48223/pf0000369308},
  urlaccessdate	=	{30 abr. 2020},  
}
%https://unesdoc.unesco.org/ark:/48223/pf0000369308/PDF/369308por.pdf.multi
%Página 24

@Book{zanella2006metodologia,
  title         = {Metodologia da pesquisa},
  publisher     = {Universidade Federal de Santa Catarina},
  author        = {Zanella, Liane Carly Hermes},
  year          = {2011},
  address       = {Florianópolis},
  edition       = {2},
  url           = {http://arquivos.eadadm.ufsc.br/somente-leitura/EaDADM/UAB3_2013-2/Modulo_1/Metodologia_Pesquisa/material_didatico/},
  isbn          = {978-85-7988-111-3},
  urlaccessdate = {2 jun. 2020},
}
%http://arquivos.eadadm.ufsc.br/somente-leitura/EaDADM/UAB3_2013-2/Modulo_1/Metodologia_Pesquisa/material_didatico/Livro-texto%20metodologia.PDF
%Página 32

@Book{carlos2002elaborar,
  title         = {Como elaborar projetos de pesquisa},
  publisher     = {Atlas},
  author        = {Gil, Antônio Carlos},
  year          = {2002},
  address       = {São Paulo},
  edition       = {4},
  url           = {http://www.uece.br/nucleodelinguasitaperi/dmdocuments/},
  isbn          = {85-224-3169-8},
  urlaccessdate = {2 jun. 2020},
}
%http://www.uece.br/nucleodelinguasitaperi/dmdocuments/gil_como_elaborar_projeto_de_pesquisa.pdf
%Página 111

@Article{ferenhof2016desmistificando,
  author        = {Ferenhof, Helio Aisenberg and Fernandes, Roberto Fabiano},
  title         = {Desmistificando a revis{\~a}o de literatura como base para reda{\c{c}}{\~a}o cient{\'\i}fica},
  publisher     = {Revista ACB},
  volume        = {21},
  number        = {3},
  pages         = {550--563},
  year          = {2016},
  subtitle      = {m{\'e}todo SSF},
  url           = {https://revista.acbsc.org.br/racb/article/view/1194},
  isbn          = {1414-0594},
  urlaccessdate = {2 jun. 2020},
}
%https://revista.acbsc.org.br/racb/article/view/1194/pdf
%Página 551

@Book{marconi2003lakatos,
  title         = {Fundamentos de metodologia cient{\'\i}fica},
  publisher     = {Atlas},
  year          = {2003},
  author        = {Marconi, Marina de Andrade and Lakatos, Eva maria},
  address       = {São Paulo},
  edition       = {5},
  url           = {https://docente.ifrn.edu.br/olivianeta/disciplinas/copy_of_historia-i/historia-ii/china-e-india},
  urlaccessdate = {2 jun. 2020},
}
%https://docente.ifrn.edu.br/olivianeta/disciplinas/copy_of_historia-i/historia-ii/china-e-india
%Página 95

@Article{hochman2005desenhos,
  title         = {Desenhos de pesquisa},
  address       = {[online]},
  author        = {Hochman, Bernardo and Nahas, Fabio Xerfan and Oliveira Filho, Renato Santos de and Ferreira, Lydia Masako},
  journal       = {Acta Cir{\'u}rgica Brasileira},
  volume        = {20},
  pages         = {2--9},
  year          = {2005},
  publisher     = {SciELO},
  issn          = {0102-8650},
  url           = {https://www.scielo.br/scielo.php?pid=S0102-86502005000800002&script=sci_abstract&tlng=pt},
  doi           = {https://doi.org/10.1590/S0102-86502005000800002},
  urlaccessdate = {2 jun. 2020},
}
%https://www.scielo.br/pdf/acb/v20s2/v20s2a02.pdf
%Página 3

@Book{cordova2009pesquisa,
  title         = {A pesquisa cient{\'\i}fica},
  publisher     = {Universidade Aberta do Brasil},
  author        = {C{\'o}rdova, Fernanda Peixoto and Silveira, Denise Tolfo},
  address       = {Porto Alegre},
  edition       = {1},
  isbn          = {978-85-386-0071-8},
  year          = {2009},
  url           = {http://www.unisalesiano.edu.br/salaEstudo/materiais/p162603d6554/},
  urlaccessdate = {2 jun. 2020},
}
%http://www.unisalesiano.edu.br/salaEstudo/materiais/p162603d6554/material12.pdf
%Página 31

@Book{campbell1979delineamentos,
  title         = {Delineamentos experimentais e quase-experimentais de pesquisa},
  publisher     = {Editora Pedagógica e Universitária},
  author        = {Campbell, Donald and Stanley, Julian},
  isbn          = {85-120-0465-7},
  year          = {1979},
  address       = {São Paulo},
}
%Fazendo APUD com carlos2002elaborar

@Book{trivinos2009introduccao,
  title         = {Introdu{\c{c}}{\~a}o {\`a} pesquisa em ci{\^e}ncias sociais},
  publisher     = {Atlas},
  year          = {2009},
  author        = {Trivi{\~n}os, Augusto Nibaldo Silva},
  address       = {São Paulo},
  isbn          = {85-224-0273-6},
  subtitle      = {a pesquisa qualitativa em educa{\c{c}}{\~a}o},
  url           = {https://edisciplinas.usp.br/pluginfile.php/4233509/mod_resource/content/0/Trivinos-Introducao-Pesquisa-em_Ciencias-Sociais.pdf},
  urlaccessdate = {2 jun. 2020},
}
%https://edisciplinas.usp.br/pluginfile.php/4233509/mod_resource/content/0/Trivinos-Introducao-Pesquisa-em_Ciencias-Sociais.pdf
%Página 151

@Book{clark1970serious,
  title         = {Serious games},
  publisher     = {University Press of America},
  author        = {Clark, C Abt},
  isbn          = {978-0819161482},
  address       = {New York},
  year          = {1970}
}
%Informação extraida de  djaouti12012origins

@Book{djaouti12011origins,
  title         = {Origins of Serious Games},
  author        = {Djaouti, Damien and Alvarez, Julian and Jessel, Jean-Pierre and Rampnoux, Olivier},
  year          = {2011},
  publisher     = {Springer},
  isbn          = {978-1-4471-2160-2},
  journal       = {Serious Games and Edutainment Applications},
  address       = {London},
  doi           = {https://doi.org/10.1007/978-1-4471-2161-9_3},
  url           = {https://link.springer.com/chapter/10.1007/978-1-4471-2161-9_3},
  urlaccessdate = {2 jun. 2020},
}
%http://www.ludoscience.com/files/ressources/origins_of_serious_games.pdf
%Página 2

@Book{michael2005serious,
  title         = {Serious games},
  publisher     = {Thomson Course Technology},
  author        = {Michael, David and Chen, Sandra},
  year          = {2005},
  isbn          = {978-1-59200-622-9},
  address       = {Stamford},
  subtitle      = {Games that educate, train, and inform},
}
%https://dl.acm.org/doi/book/10.5555/1051239
%Não me recordo

@Inproceedings{carvalho2015aprendizagem,
  title         = {Aprendizagem baseada em jogos},
  author        = {Carvalho, Carlos Vaz de},
  booktitle     = {II World Congress on Systems Engineering and Information Technology},
  pages         = {176--181},
  year          = {2015},
  address       = {Vigo},
  doi           = {https://doi.org/10.14684/WCSEIT.2.2015.176-181},
  url           = {https://copec.eu/congresses/wcseit2015/proc/titles.html},
  urlaccessdate = {3 nov. 2020},
}
%https://copec.eu/congresses/wcseit2015/proc/works/40.pdf
%Página 177

@Article{laamarti2014overview,
  title         = {An overview of serious games},
  author        = {Laamarti, Fedwa and Eid, Mohamad and El Saddik, Abdulmotaleb},
  journal       = {International Journal of Computer Games Technology},
  publisher     = {Hindawi},
  doi           = {http://dx.doi.org/10.1155/2014/358152},
  year          = {2014},
  url           = {https://www.hindawi.com/journals/ijcgt/2014/358152/},
  address       = {[online]},
  urlaccessdate = {3 nov. 2020},
}
%https://www.hindawi.com/journals/ijcgt/2014/358152/
%Página 3

@Inbook{wilkinson2015brief,
  title         = {A brief history of serious games},
  author        = {Wilkinson, Phil},
  booktitle     = {Entertainment Computing and Games},
  pages         = {17--41},
  year          = {2015},
  address       = {Bournemouth},
  isbn          = {978-3-319-46151-9},
  doi           = {https://doi.org/10.1007/978-3-319-46152-6_2},
  url           = {https://www.semanticscholar.org/paper/A-Brief-History-of-Serious-Games-Wilkinson/bb992b74028089d9a1ba7eb0ee3ce3167ad36811},
  urlaccessdate = {3 nov. 2020},
}
%https://core.ac.uk/download/pdf/157768453.pdf
%Página 7 (do documento)

@Article{pourabdollahian2012serious,
  title         = {Serious games in manufacturing education},
  author        = {Pourabdollahian, Borzoo and Taisch, Marco and Kerga, Endris},
  journal       = {Procedia Computer Science},
  subtitle      = {Evaluation of learners’ engagement},
  address       = {Milan},
  volume        = {15},
  pages         = {256--265},
  year          = {2012},
  note          = {4th International Conference on Games and Virtual Worlds for Serious Applications(VS-GAMES’12)},
  issn          = {1877-0509},
  doi           = {https://doi.org/10.1016/j.procs.2012.10.077},
  url           = {https://www.sciencedirect.com/science/article/pii/S1877050912008393},
  urlaccessdate = {3 nov. 2020},
  publisher     = {ScienceDirect}
}
%https://www.sciencedirect.com/science/article/pii/S1877050912008393
%Página 257

@Book{kishimoto1994jogo,
  title         = {O jogo e a educa{\c{c}}{\~a}o infantil},
  author        = {Kishimoto, Tizuko Morchida},
  publisher     = {Pioneira},
  year          = {1994},
  address       = {Florianópolis},
  url           = {https://books.google.com.br/books?id=MSPPXYdSAC4C},
  urlaccessdate = {3 nov. 2020},
}
%https://periodicos.ufsc.br/index.php/perspectiva/article/download/10745/10260
%Página 105

@MastersThesis{schroeder2017wobu,
  author        = {Schroeder, Rafaela Bosse},
  title         = {Wobu-Bubble},
  subtitle      = {Jogo S{\'e}rio para o Equil{\'\i}brio Din{\^a}mico de Pacientes com Hemiparesia},
  school        = {Universidade do Estado de Santa Catarina},
  year          = {2017},
  address       = {Joinville},
  url           = {https://www.udesc.br/cct/ppgca/publicacoes/dissertacoes},
  urlaccessdate = {10 nov. 2020},
}
%https://www.udesc.br/arquivos/cct/id_cpmenu/1024/dissertacao_final_15167050734725_1024.pdf
%Página TUDO

@MastersThesis{baptista2017jogos,
  author        = {Baptista, Ricardo Jos{\'e} Vieira},
  title         = {Jogos S{\'e}rios para Treino e Certifica{\c{c}}{\~a}o de Compet{\^e}ncias},
  school        = {Universidade do Porto},
  year          = {2017},
  address       = {Portugal},
  url           = {https://repositorio-aberto.up.pt/handle/10216/163},
  urlaccessdate = {10 nov. 2020},
}
%https://repositorio-aberto.up.pt/bitstream/10216/110820/2/253022.pdf
%Página 19

@Article{araujo2017exergames,
  title         = {Exergames na educa{\c{c}}{\~a}o f{\'\i}sica},
  subtitle      = {uma revis{\~a}o sistem{\'a}tica},
  author        = {Ara{\'u}jo, Jo{\~a}o Gabriel Eug{\^e}nio and Batista, Cleyton and Moura, Diego Luz},
  journal       = {Movimento},
  volume        = {23},
  number        = {2},
  pages         = {529--541},
  year          = {2017},
  issn          = {0104-754X},
  address       = {Porto Alegre},
  publisher     = {Escola de Educa{\c{c}}{\~a}o F{\'\i}sica},
  url           = {https://www.redalyc.org/articulo.oa?id=115351637007},
  urlaccessdate = {10 nov. 2020},
}
%https://www.redalyc.org/pdf/1153/115351637007.pdf
%Página 530

@Misc{lucchese2009conceituaccao,
  title         = {Conceitua{\c{c}}{\~a}o de jogos digitais},
  author        = {Lucchese, Fabiano and Ribeiro, Bruno},
  address       = {S{\~a}o Paulo},
  url           = {https://www.dca.fee.unicamp.br/~martino/disciplinas/ia369/trabalhos/},
  urlaccessdate = {10 nov. 2020},
  year          = {2009},
}
%http://www.dca.fee.unicamp.br/~martino/disciplinas/ia369/trabalhos/t1g3.pdf
%Página 8

@Article{battaiola2000jogos,
  title         = {Jogos por computador},
  subtitle      = {hist{\'o}rico, relev{\^a}ncia tecnol{\'o}gica e mercadol{\'o}gica, tend{\^e}ncias e t{\'e}cnicas de implementa{\c{c}}{\~a}o},
  author        = {Battaiola, Andr{\'e} Luiz},
  journal       = {Anais da XIX Jornada de Atualiza{\c{c}}{\~a}o em Inform{\'a}tica},
  volume        = {2},
  address       = {São Carlos},
  pages         = {83--122},
  year          = {2000},
  url           = {http://www2.sbc.org.br/csbc2000/jai.htm},
  urlaccessdate = {10 nov. 2020},
}
%https://livrozilla.com/doc/1647046/jogos-por-computador-%E2%80%93-hist%C3%B3rico--relev%C3%A2ncia
%Página 9 (do documento)

@Book{boller2017play,
  title         = {Play to learn},
  publisher     = {Association for Talent Development},
  year          = {2017},
  author        = {Boller, Sharon and Kapp, Karl},
  address       = {Alexandria},
  subtitle      = {Everything you need to know about designing effective learning games},
  url           = {https://books.google.com.br/books?id=j3EfDgAAQBAJ},
  urlaccessdate = {20 nov. 2020},
}
%https://d22bbllmj4tvv8.cloudfront.net/68/2f/dc8307ccb32fd27f506364b9e356/111705-play-to-learn-sample-chapter.pdf
%Não me recordo

@Inproceedings{pescador2010tecnologias,
  title         = {Tecnologias digitais e a{\c{c}}{\~o}es de aprendizagem dos nativos digitais},
  author        = {Pescador, Cristina M},
  booktitle     = {Anais do V Congresso Internacional de Filosofia e Educa{\c{c}}{\~a}o},
  year          = {2010},
  address       = {Caxias do Sul},
  url           = {https://www.ucs.br/ucs/eventos/cinfe/artigos/artigos},
  urlaccessdate = {20 nov. 2020},
}
%https://www.ucs.br/ucs/tplcinfe/eventos/cinfe/artigos/artigos/arquivos/eixo_tematico7/TECNOLOGIAS%20DIGITAIS%20E%20ACOES%20DE%20APRENDIZAGEM%20DOS%20NATIVOS%20DIGITAIS.pdf
%Página TUDO

@Inproceedings{carvalho2017move4math,
  title         = {Move4math},
  subtitle      = {Jogos s{\'e}rios ativos para alfabetiza{\c{c}}{\~a}o matem{\'a}tica},
  author        = {Carvalho, Mayco Farias de and Gasparini, I and Hounsell, M da S},
  booktitle     = {XVI Simp{\'o}sio Brasileiro de Jogos e Entretenimento Digital--SBGames},
  pages         = {95--104},
  year          = {2017},
  url           = {https://www.sbgames.org/sbgames2017/proceedings},
  urlaccessdate = {20 nov. 2020},
}
%https://www.sbgames.org/sbgames2017/28939arw2923/ARTES_E_DESIGN/FULL_PAPERS/175036_2_versao_preliminar.pdf
%Página 96

@Article{aslan2015gamed,
  title         = {GAMED},
  subtitle      = {digital educational game development methodology},
  author        = {Aslan, Serdar and Balci, Osman},
  journal       = {Simulation},
  volume        = {91},
  number        = {4},
  pages         = {307--319},
  year          = {2015},
  address       = {Blacksburg},
  publisher     = {Sage},
  doi           = {https://doi.org/10.1177/0037549715572673},
  url           = {https://journals.sagepub.com/doi/abs/10.1177/0037549715572673},
  urlaccessdate = {29 nov. 2020}, 
}
%https://journals.sagepub.com/doi/abs/10.1177/0037549715572673
%Página TUDO

@PhdThesis{aslan2016digital,
  author        = {Aslan, Serdar},
  title         = {Digital Educational Games},
  school        = {Virginia Polytechnic Institute and State University},
  year          = {2016},
  address       = {Blacksburg},
  subtitle      = {Methodologies for Development and Software Quality},
  url           = {https://vtechworks.lib.vt.edu/handle/10919/73368},
  urlaccessdate = {30 nov. 2020}, 
}
%https://vtechworks.lib.vt.edu/bitstream/handle/10919/73368/Aslan_S_D_2016.pdf?sequence=1&isAllowed=y
%Página TUDO

@Article{tutty1992ability,
  title         = {The ability of elementary school children to learn child sexual abuse prevention concepts},
  author        = {Tutty, Leslie M},
  journal       = {Child abuse \& neglect},
  volume        = {16},
  number        = {3},
  pages         = {369--384},
  year          = {1992},
  address       = {Calgary},
  issn          = {0145-2134},
  doi           = {https://doi.org/10.1016/0145-2134(92)90046-T},
  url           = {https://www.sciencedirect.com/science/article/pii/014521349290046T},
  publisher     = {Elsevier},
  urlaccessdate = {30 nov. 2020}, 
}
%https://www.sciencedirect.com/science/article/abs/pii/014521349290046T
%Página TUDO

@article{tutty1995revised,
  title         = {The revised Children's Knowledge of Abuse Questionnaire},
  subtitle      = {Development of a measure of children's understanding of sexual abuse prevention concepts},
  author        = {Tutty, Leslie M},
  journal       = {Social Work Research},
  volume        = {19},
  number        = {2},
  pages         = {112--120},
  year          = {1995},
  doi           = {https://doi.org/10.1093/swr/19.2.112},
  publisher     = {Oxford University Press},
  address       = {Waterloo},
  url           = {https://academic.oup.com/swr/article-abstract/19/2/112/1640534},
  urlaccessdate = {30 nov. 2020}, 
}
%https://academic.oup.com/swr/article/19/2/112/1640534
%Página TUDO

@Article{tutty2019children,
  title         = {Children’s Knowledge of Abuse Questionnaires (CKAQ)-Short},
  subtitle      = {Two Brief Ten-Item Measures of Knowledge about Child Sexual Abuse Concepts},
  author        = {Tutty, Leslie},
  journal       = {Journal of Child Sexual Abuse},
  pages         = {513-530},
  volume        = {29},
  number        = {5},
  year          = {2019},
  address       = {Calgary},
  publisher     = {Routledge},
  doi           = {https://doi.org/10.1080/10538712.2019.1688443},
  url           = {https://www.tandfonline.com/doi/citedby/10.1080/10538712.2019.1688443?scroll=top&needAccess=true},
  urlaccessdate = {30 nov. 2020}, 
}
%https://www.tandfonline.com/doi/abs/10.1080/10538712.2019.1688443
%Página TUDO

@Article{deslandes1994atenccao,
  title         = {Aten{\c{c}}{\~a}o a crian{\c{c}}as e adolescentes v{\'\i}timas de viol{\^e}ncia dom{\'e}stica},
  subtitle      = {an{\'a}lise de um servi{\c{c}}o},
  author        = {Deslandes, Suely},
  journal       = {Cadernos de Sa{\'u}de P{\'u}blica},
  volume        = {10},
  pages         = {177--187},
  url           = {https://www.scielosp.org/article/csp/1994.v10suppl1/S177-S187/pt/},
  year          = {1994},
  address       = {Rio de Janeiro},
  publisher     = {SciELO},
  urlaccessdate = {4 mai. 2020}, 
}
%https://www.scielosp.org/article/csp/1994.v10suppl1/S177-S187/pt/
%Página 185

@Article{dahlberg2006violencia,
  title         = {Viol{\^e}ncia},
  subtitle      = {um problema global de sa{\'u}de p{\'u}blica},
  author        = {Dahlberg, Linda and Krug, Etienne},
  journal       = {Ci{\^e}ncia \& Sa{\'u}de Coletiva},
  volume        = {11},
  pages         = {1163--1178},
  year          = {2006},
  address       = {Atlanta},
  publisher     = {SciELO},
  url           = {https://www.scielosp.org/article/csc/2006.v11suppl0/1163-1178/pt/},
  urlaccessdate = {4 mai. 2020}, 
}
%https://www.scielosp.org/article/csc/2006.v11suppl0/1163-1178/pt/
%Página 1168

@PhdThesis{maria2012abusos,
  author        = {Maria, Susana Gabriela da Silva},
  title         = {Abusos sexuais de crian{\c{c}}as},
  school        = {Instituto Universitário de Ciências Psicológicas, Sociais e da Vida},
  year          = {2012},
  address       = {Lisboa},
  subtitle      = {Mudan{\c{c}}as resultantes de uma interven{\c{c}}{\~a}o preventiva},
  url           = {https://repositorio.ispa.pt/handle/10400.12/1768},
  urlaccessdate = {7 mai. 2020}, 
}
%https://core.ac.uk/download/pdf/70650675.pdf
%Página 2 

@Techreport{escocia2020expert,
  address       = {Edinburgh},
  organization  = {Esc{\'o}cia},
  pages         = {172},
  title         = {The Expert Group on Preventing Sexual Offending Involving Children and Young People},
  year          = {2020},
  url           = {https://www.celcis.org/files/9215/7979/4306/expert-group-preventing-sexual-offending-involving-children-young-people-prevention-responses-harmful-sexual-behaviour-children-young-people.pdf},
  urlaccessdate = {7 mai. 2020},   
}
%https://www.celcis.org/files/9215/7979/4306/expert-group-preventing-sexual-offending-involving-children-young-people-prevention-responses-harmful-sexual-behaviour-children-young-people.pdf
%Página 55

@MastersThesis{marcelino2017vamos,
  author        = {Marcelino, Diana Patr{\'\i}cia Carvalho},
  title         = {Vamos prevenir! As aventuras do b{\'u}zio e da coral},
  school        = {Instituto Universitário de Lisboa},
  year          = {2017},
  address       = {Lisboa},
  subtitle      = {avalia{\c{c}}{\~a}o do impacto do jogo de preven{\c{c}}{\~a}o do abuso sexual em crian{\c{c}}as dos 6 aos 10 anos de idade},
  url           = {https://repositorio.iscte-iul.pt/handle/10071/15660},
  urlaccessdate = {7 mai. 2020},  
}
%https://repositorio.iscte-iul.pt/bitstream/10071/15660/1/Disserta%C3%A7%C3%A3oDianaMarcelino.pdf
%Página 2

@Article{tesser2017importante,
  title         = {Por que {\'e} importante a preven{\c{c}}{\~a}o quatern{\'a}ria na preven{\c{c}}{\~a}o?},
  author        = {Tesser, Charles Dalcanale},
  journal       = {Revista de Sa{\'u}de P{\'u}blica},
  volume        = {51},
  doi           = {https://doi.org/10.11606/S1518-8787.2017051000041},
  year          = {2017},
  address       = {São Paulo},
  publisher     = {Universidade de São Paulo},
  url           = {http://www.rsp.fsp.usp.br/artigo/por-que-e-importante-a-prevencao-quaternaria-na-prevencao},
  issn          = {1518-8787},
  urlaccessdate = {7 mai. 2020}, 
}
%Urlaccessdate		=	{7.5.2020},
%Página 2

@Techreport{Recommendations2019Taylor,
  address       = {Washington},
  organization  = {Estados Unidos da Am{\'e}rica},
  pages         = {62},
  title         = {Recommendations for Sexual Abuse Prevention Education in Washington State K–12 Schools},
  year          = {2019},
  url           = {https://www.k12.wa.us/sites/default/files/public/hivsexualhealth/pubdocs/Erin%27s%20Law%20Report.pdf},
  urlaccessdate = {7 mai. 2020}, 
}
%https://www.k12.wa.us/sites/default/files/public/hivsexualhealth/pubdocs/Erin%27s%20Law%20Report.pdf
%Página 17

@Techreport{centers2004sexual,
  address       = {Atlanta},
  organization  = {Estados Unidos da Am{\'e}rica},
  note          = {{Centers for Disease Control and Prevention}},
  pages         = {16},
  title         = {Sexual violence prevention},
  subtitle      = {Beginning the dialogue},
  year          = {2004},
  url           = {https://www.cdc.gov/violenceprevention/pdf/svprevention-a.pdf},
  urlaccessdate = {7 mai. 2020}, 
}
%https://www.cdc.gov/violenceprevention/pdf/svprevention-a.pdf
%Página 5

@Techreport{sexual2017department,
  address       = {Washington},
  organization  = {Estados Unidos da Am{\'e}rica},
  note          = {Centers for Disease Control and Prevention, Washington State Department of Health, Injury and Violence Prevention},
  pages         = {20},
  title         = {Sexual Violence Prevention Plan},
  year          = {2017},
  url           = {https://www.doh.wa.gov/Portals/1/Documents/Pubs/140-165-SexualViolencePreventionPlan.pdf},
  urlaccessdate = {7 mai. 2020}, 
}
%https://www.doh.wa.gov/Portals/1/Documents/Pubs/140-165-SexualViolencePreventionPlan.pdf
%Página 7

@Techreport{blasco2018abuso,
  address       = {Geneva},
  organization  = {Save the Children},
  title         = {Más me Duele a Mí},
  subtitle      = {La violencia que se ejerce en casa},
  pages         = {355},
  year          = {2018},
  url           = {https://www.savethechildren.es/sites/default/files/imce/docs/mas_me_duele_a_mi.pdf},
  urlaccessdate = {7 mai. 2020}, 
}
%https://www.savethechildren.es/sites/default/files/imce/docs/mas_me_duele_a_mi.pdf
%Página 20

@Techreport{UNICEF2016promising,
  organization  = {UNICEF},
  pages         = {91},
  title         = {Promising programmes to prevent and respond to child sexual abuse and exploitation},
  year          = {2016},
  url           = {https://www.unicef.org/documents/promising-programmes-prevent-and-respond-child-sexual-abuse-and-exploitation},
  urlaccessdate = {7 mai. 2020}, 
}
%https://www.unicef.org/media/66741/file/Promising-programme-responses.pdf4
%Página 7

@Article{bandiera2020women,
  author        = {Bandiera, Oriana and Buehren, Niklas and Burgess, Robin and Goldstein, Markus and Gulesci, Selim and Rasul, Imran and Sulaiman, Munshi},
  title         = {Women's Empowerment in Action},
  subtitle      = {Evidence from a Randomized Control Trial in Africa},
  journal       = {American Economic Journal: Applied Economics},
  volume        = {12},
  number        = {1},
  year          = {2020},
  Pages         = {65},
  doi           = {10.1257/app.20170416},
  url           = {https://www.aeaweb.org/articles?id=10.1257/app.20170416},
  urlaccessdate = {11 abr. 2020},
}
%https://www.ucl.ac.uk/~uctpimr/research/ELA.pdf
%Página TUDO

@Article{sandin1999imagens,
  author        = {Sandin, Bengt},
  title         = {Imagens em conflito},
  subtitle      = {inf{\^a}ncias em mudan{\c{c}}a e o estado de bem-estar social na Su{\'e}cia. Reflex{\~o}es sobre o s{\'e}culo da crian{\c{c}}a},
  journal       = {Revista Brasileira de Hist{\'o}ria},
  volume        = {19},
  number        = {37},
  address       = {São Paulo},
  pages         = {16--34},
  year          = {1999},
  publisher     = {SciELO},
  issn          = {0102-0188},
  doi           = {http://dx.doi.org/10.1590/S0102-01881999000100002},
  url           = {http://www.scielo.br/scielo.php?script=sci_arttext&pid=S0102-01881999000100002&nrm=iso},
  urlaccessdate = {9 mai. 2020},
}
%https://www.scielo.br/scielo.php?script=sci_arttext&pid=S0102-01881999000100002
%Página INÍCIO

@Article{junior2016olhares,
  author        = {J{\'u}nior, Jos{\'e} Pacheco dos Santos},
  title         = {Olhares, vozes e debates sobre a inf{\^a}ncia no s{\'e}culo XX},
  subtitle      = {o “S{\'e}culo da Crian{\c{c}}a”},
  journal       = {Revista Angelus Novus},
  number        = {10}, 
  pages         = {11--14},
  year          = {2016},
  address       = {São Paulo},
  doi           = {https://doi.org/10.11606/ran.v0i10.124233}, 
  url           = {https://www.revistas.usp.br/ran/article/view/124233}, 
  urlaccessdate = {9 mai. 2020},

}
%https://www.revistas.usp.br/ran/article/view/124233/120991
%Página 11

@Article{hayes2002children,
  author        = {Hayes, N{\'o}ir{\'i}n},
  title         = {Children's rights-Whose Right?},
  subtitle      = {a review of child policy development in Ireland},
  address       = {Dublin},
  year          = {2002},
  publisher     = {The Policy Institute},
  url           = {https://arrow.tudublin.ie/cserrep/44/},
  urlaccessdate = {9 mai. 2020},
}
%https://www.tcd.ie/policy-institute/assets/pdf/BP9_Children_Hayes.pdf
%Página 16

@Article{lelis2014fragmentaccao,
  author        = {Lelis, Ac{\'a}cia Gard{\^e}nia Santos and Lelis, K{\'a}tia Cristina Santos},
  title         = {A Fragmentação da Infância},
  subtitle      = {uma realidade de crianças vítimas da violência doméstica},
  journal       = {Revista Interfaces Cient{\'\i}ficas - Direito},
  volume        = {2},
  number        = {3},
  pages         = {33--43},
  year          = {2014},
  address       = {[online]},
  issn          = {2316-3321},
  doi           = {https://doi.org/10.17564/2316-381X.2014v2n3p33-43}, 
  url           = {https://periodicos.set.edu.br/direito/article/view/1465}, 
  urlaccessdate = {9 mai. 2020},
}
%https://periodicos.set.edu.br/direito/article/view/1465/847
%Página 37

@article{lima2012direitos,
  author        = {Lima, Regina Aparecida Garcia de},
  title         = {Direitos da crian{\c{c}}a e do adolescente},
  subtitle      = {desafios atuais},
  journal       = {Revista Latino-Americana de Enfermagem},
  volume        = {20},
  number        = {3},
  pages         = {425--426},
  year          = {2012},
  address       = {[online]},
  publisher     = {SciELO},
  doi           = {https://doi.org/10.1590/S0104-11692012000300001},
  url           = {https://www.revistas.usp.br/rlae/article/view/48562},
  urlaccessdate = {9 mai. 2020},
}
%https://www.scielo.br/pdf/rlae/v20n3/pt_a01v20n3.pdf
%Página 425

@Techreport{UNICEF2017new,
  organization  = {UNICEF},
  pages         = {53},
  title         = {A New Reality},
  subtitle      = {Child helplines report on online child sexual exploitation and abuse from around the world},
  year          = {2017},
  address       = {[online]},
  url           = {https://www.unicef.org/documents/new-reality},
  urlaccessdate = {9 mai. 2020},
}
%https://www.unicef.org/media/66791/file/LEAP-Report.pdf
%Página 46

@Article{mendelson2015parent,
	title			    =	{Parent-focused prevention of child sexual abuse},
	author			  =	{Mendelson, Tamar and Letourneau, Elizabeth},
	journal			  =	{Prevention Science},
	volume			  =	{16},
	number			  =	{6},
	pages			    =	{844--852},
  address       = {[online]},
  note          = {PMID: 21511741},
  doi           = {https://doi.org/10.1007/s11121-015-0553-z},
	url				    =	{https://link.springer.com/article/10.1007/s11121-015-0553-z},
	urlaccessdate	=	{13 abr. 2020},
	year			    =	{2015},
	publisher		  =	{Springer},
}
%https://www.ncbi.nlm.nih.gov/pubmed/25757528
%Página 850

@Article{martinez2000prevencion,
  author			  =	{Mart{\'\i}nez, Josefina},
	title			    =	{Prevenci{\'o}n del abuso sexual infantil},
	subtitle      = {An{\'a}lisis cr{\'\i}tico de los programas educativos},
	journal			  =	{Psykhe},
	volume			  =	{9},
  issn          = {0717-0297},
	url				    =	{http://ojs.uc.cl/index.php/psykhe/article/view/20491},
	urlaccessdate	=	{13.4.2020},
	number			  =	{2},
	year			    =	{2000}
}
%http://ojs.uc.cl/index.php/psykhe/article/view/20491/16953
%Não me recordo

@Misc{anar2013campana,
  organization  = {ANAR},
  title         = {Dia Internacional \#ContraElMaltratoInfantil}, 
  url           = {http://www.anar.org/contraelmaltratoinfantil/},
  address       = {[Madri]},
  year          = {2013},
  urlaccessdate	=	{13 abr. 2020},
}
%Só consegui acessar por aqui: https://web.archive.org/web/20130527032405/http://www.anar.org:80/contraelmaltratoinfantil/
%Página TUDO

@Article{costa2019maus,
  author        = {Costa, Cec{\'\i}lia Correia and Mania, Taiomara Vieira},
  title         = {Maus-Tratos Infantis},
  subtitle      = {les{\~o}es que podem ser identificadas por Cirurgi{\~o}es-Dentistas/Child Abuse: Lesions that can be identified by Dentists},
  journal       = {Revista Multidisciplinar e de Psicologia},
  volume        = {13},
  number        = {44},
  pages         = {905--916},
  year          = {2019},
  address       = {[online]},
  issn          = {1981-1179},
  doi           = {https://doi.org/10.14295/idonline.v13i44.1608},
  url           = {https://idonline.emnuvens.com.br/id/article/view/1608#:~:text=O%20cirurgi%C3%A3o%2Ddentista%20pode%20identificar,de%20freio%20lingual%20e%20bucal.},
  urlaccessdate	=	{13 abr. 2020},
}
%https://idonline.emnuvens.com.br/id/article/viewFile/1608/2462
%Página 908

@Article{almeida2012responsabilidade,
  author        = {Almeida, Andr{\'e} Henrique do Vale de and da Silva, Mona Lisa Cordeiro Asselta and Musse, Jamilly de Oliveira and Marques, Jeidson Ant{\^o}nio Morais},
  title         = {A responsabilidade dos profissionais de sa{\'u}de na notifica{\c{c}}{\~a}o dos casos de viol{\^e}ncia contra crian{\c{c}}as e adolescentes de acordo com seus c{\'o}digos de {\'e}tica},
  journal       = {Arquivos em Odontologia},
  volume        = {48},
  number        = {2},
  year          = {2012},
  address       = {Belo Horizonte},
  issn          = {1516-0939},
  url           = {http://revodonto.bvsalud.org/scielo.php?pid=S1516-09392012000200008&script=sci_arttext},
  urlaccessdate	=	{3 abr. 2021},
}
%http://revodonto.bvsalud.org/pdf/aodo/v48n2/a08v48n2.pdf
%Página 113

@Article{paiva2012violencia,
  author        = {Paiva, Cristiane de and Zaher, Vera Lucia},
  title         = {Viol{\^e}ncia contra crian{\c{c}}as},
  subtitle      = {o atendimento m{\'e}dico e o atendimento pericial},
  journal       = {Sa{\'u}de, {\'E}tica \& Justi{\c{c}}a},
  volume        = {17},
  number        = {1},
  pages         = {12--20},
  year          = {2012},
  address       = {São Paulo},
  issn          = {2317-2770},
  doi           = {https://doi.org/10.11606/issn.2317-2770.v17i1p12-20},
  url           = {https://www.revistas.usp.br/sej/article/view/45886},
  urlaccessdate	=	{13 abr. 2020},
}
%https://www.revistas.usp.br/sej/article/view/45886/49489
%Página 14

@Article{christian2015aap,
	author        = {Christian, Cindy},
	title         = {AAP report helps pediatricians identify, respond to child abuse},
	volume        = {36},
	number        = {5},
	year          = {2015},
	publisher     = {American Academy of Pediatrics},
	issn          = {1073-0397},
  doi           = {https://doi.org/10.1542/aapnews.2015365-1},
	url           = {https://www.aappublications.org/content/36/5/1.1},
  urlaccessdate	=	{13 abr. 2020},
}
%https://www.aappublications.org/content/36/5/1.1.full.pdf
%Página 1

@Article{caccia2014conselheiros,
  author        = {Caccia-Bava J{\'u}nior, Augusto and Fabiano, Eul{\'a}lia},
  title         = {Conselheiros tutelares na linha de frente da preven{\c{c}}{\~a}o do abuso sexual},
  journal       = {Estudos de Sociologia},
  volume        = {19},
	number        = {36},
  pages         = {205--220},
  address       = {Araraquara},
  url           = {http://hdl.handle.net/11449/124997},
  urlaccessdate	=	{13 abr. 2020},
  year          = {2014},
}
%https://periodicos.fclar.unesp.br/estudos/article/view/6569/5129
%Página 208

@Article{faraj2016atendimento,
  author        = {Faraj, Suane Pastoriza and Siqueira, Aline Cardoso and Arpini, Dorian M{\^o}nica},
  title         = {O atendimento psicol{\'o}gico no Centro de Refer{\^e}ncia Especializado da Assist{\^e}ncia Social e a vis{\~a}o de operadores do direito e conselheiros tutelares},
  journal       = {Estudos de Psicologia},
  address       = {Campinas},
  volume        = {33},
  number        = {4},
  pages         = {757--766},
  year          = {2016},
  publisher     = {SciELO},
  issn          = {0103-166X},
  doi           = {https://doi.org/10.1590/1982-02752016000400018 },
  url           = {http://www.scielo.br/scielo.php?script=sci_arttext&pid=S0103-166X2016000400757&nrm=iso},
  urlaccessdate	=	{2 fev. 2021},
}
%https://www.scielo.br/scielo.php?pid=S0103-166X2016000400757&script=sci_arttext
%Página 716

@Book{rodrigues2014violencia,
  title         = {Violência Intrafamiliar},
  publisher     = {Paco Editorial},
  year          = {2017},
  author        = {Rodrigues, Maria Natividade Silva},
  address       = {Jundiaí},
  subtitle      = {o abuso sexual contra crianças e adolescentes},
  isbn          = {978-85-4620-773-2},
}
%urlaccessdate		=	{17.5.2020},
%https://www.google.com/url?sa=t&rct=j&q=&esrc=s&source=web&cd=1&cad=rja&uact=8&ved=2ahUKEwi_gt7FxrvpAhVYK7kGHTmnAgAQFjAAegQIAxAB&url=http%3A%2F%2Fwww.ppgcsoc.ufma.br%2Findex.php%3Foption%3Dcom_docman%26task%3Ddoc_download%26gid%3D407%26Itemid%3D120&usg=AOvVaw2G01TZorjbRoBxnp99DfzK
%Não me recordo

@Techreport{brasil2016estudo,
  address       = {Brasília, DF},
  organization  = {Brasil},
  note          = {Ministério da Justiça. Secretaria Nacional de Segurança Pública},
  pages         = {43},
  title         = {Estudo sobre Delegacias de Proteção à Criança e ao Adolescente},
  subtitle      = {regiões sul e suldeste},
  year          = {2016},
  author        = {Ferreira, Emilia Juliana},
  url           = {https://www.novo.justica.gov.br/sua-seguranca-2/seguranca-publica/analise-e-pesquisa/acervo/outras_publicacoes/pagina-2/publicacoes},
  urlaccessdate = {17 mai. 2020},
}
%https://www.novo.justica.gov.br/sua-seguranca/seguranca-publica/analise-e-pesquisa/download/outras_publicacoes_externas/pagina-2/65dpcas-sul-e-sudeste.pdf
%Página 22

@Article{lowenkron2014all,
  title         = {"{A}ll against pedophilia"},
  subtitle      = {ethnographic notes about a contemporary moral crusade},
  author        = {Lowenkron, Laura},
  journal       = {Vibrant: Virtual Brazilian Anthropology},
  issn          = {1809-4341},
  volume        = {10},
  number        = {2},
  year          = {2014},
  publisher     = {SciELO},
  doi           = {https://doi.org/10.1590/S1809-43412013000200002},
  url           = {http://www.scielo.br/scielo.php?script=sci_arttext&pid=S1809-43412013000200002&nrm=iso},
  urlaccessdate = {18 mai. 2020},
}
%https://www.scielo.br/pdf/vb/v10n2/a02v10n2.pdf
%Página 41

@Misc{barrot2008brochuras,
  author        = {Jacques Barrot},
  title         = {Brochuras Daphne},
  subtitle      = {Questões e experiências no combate à violência contra ascrianças, os jovens e as mulheres},
  year          = {2008},
  address       = {Brussels},
  url           = {http://ec.europa.eu/justice_home/funding/daphne3/funding_daphne3_en.htm}, 
  urlaccessdate = {18 mai. 2020},
}
%https://www.google.com/url?sa=t&rct=j&q=&esrc=s&source=web&cd=2&cad=rja&uact=8&ved=2ahUKEwiFkcOB9b3pAhU_J7kGHUjvBa8QFjABegQIAxAB&url=http%3A%2F%2Fwww.aeplegua.pt%2Fprojectos%2Fanos-anteriores%2Fprojetos-2012-2013%2Fprojecto-educacao-para-a-saude-pes%2Feducacao-sexual-em-meio-escolar%2Fmaterial-de-apoio%2Fviolencia%2FViolencia%2520e%2520Tecnologia.pdf%2Fat_download%2Ffile&usg=AOvVaw2-fFFNs6VktGck7jUe25L-
%Página 13

@Book{jesus2006anti,
  title         = {Anti-semitismo e nacionalismo, negacionismo e mem{\'o}ria},
  publisher     = {Editora UNESP},
  author        = {Jesus, Carlos Gustavo N{\'o}brega de},
  address       = {São Paulo},
  subtitle      = {Revis{\~a}o Editora e as estrat{\'e}gias da intoler{\^a}ncia (1987 - 2013)},
  year          = {2006},
  isbn          = {85-7139-713-9},
  url           = {http://books.google.com/books?id=vgCaYxZzkfIC},
  urlaccessdate = {17 mai. 2020},
}
%http://books.google.com/books?id=vgCaYxZzkfIC
%Não me recordo

@Article{tonello2018pedofilia,
  title         = {Pedofilia e pornografia infanto-juvenil},
  subtitle      = {o mal que invade nossas casas},
  author        = {Tonello, Eliane and Walmocyr, Luiz},
  journal       = {Diaphora},
  volume        = {7},
  number        = {1},
  address       = {Porto Alegre},
  pages         = {15--20},
  year          = {2018},
  publisher     = {Revista da Sociedade de Psicologia do Rio Grande do Sul},
  url           = {http://www.sprgs.org.br/diaphora/ojs/index.php/diaphora/article/view/155},
  urlaccessdate = {17 mai. 2020},
}
%http://www.sprgs.org.br/diaphora/ojs/index.php/diaphora/article/view/155/154
%Página 17

@Misc{souza2018sabemos,
  author        = {Souza, T{\'a}rcila Thayse Oliveira de},
  title         = {O que sabemos n{\~a}o {\'e} quase nada em compara{\c{c}}{\~a}o ao que ignoramos},
  school        = {Centro Universit{\'a}rio CESMAC},
  year          = {2018},
  address       = {Maceió},
  subtitle      = {uma pesquisa bibliogr{\'a}fica sobre o agressor sexual infanto-juvenil},
  url           = {https://ri.cesmac.edu.br/handle/tede/222},
  urlaccessdate = {17 mai. 2020},
}
%https://ri.cesmac.edu.br/bitstream/tede/222/1/O%20QUE%20SABEMOS%20N%c3%83O%20%c3%89%20QUASE%20NADA%20EM%20COMPARA%c3%87%c3%83O%20AO%20QUE%20IGNORAMOS%20UMA%20PESQUISA%20BIBLIOGR%c3%81FICA%20SOBRE%20O%20AGRESSOR%20SEXUAL%20INFANTOJUVENIL.pdf
%Página 12

@Misc{ribeiro2018programas,
  author        = {Ribeiro, Ana Rita},
  title         = {Programas de Reinser{\c{c}}{\~a}o para abusadores sexuais},
  school        = {Universidade Fernando Pessoa},
  year          = {2018},
  address       = {Porto},  
  url           = {https://bdigital.ufp.pt/handle/10284/6935},
  urlaccessdate = {19 mai. 2020},
}
%https://bdigital.ufp.pt/bitstream/10284/6935/1/PG_Ana%20Ribeiro.pdf
%Página 42

@Article{camila2019violencia,
  author        = {Lobato, Camila Daniella Seabra},
  title         = {A Violência Sexual Contra Crianças e Adolescentes},
  subtitle      = {(In)Eficácia da pena aplicada ao agressor sexual infantil},
  publisher     = {Revista Âmbito Jurídico},
  year          = {2019},
  volume        = {22},
  number        = {181},
  issn          = {1518-0360},
  address       = {[online]},
  url           = {https://ambitojuridico.com.br/revista-ambito-juridico/revista-ambito-juridico-no-181-ano-xxii-fevereiro-2019/},
  urlaccessdate = {18 mai. 2020},
}
%https://ambitojuridico.com.br/cadernos/direito-penal/a-violencia-sexual-contra-criancas-e-adolescentes-ineficacia-da-pena-aplicada-ao-agressor-sexual-infantil/
%Página TUDO

@Article{maia2014castraccao,
  author        = {Maia, Thais Meirelles de Sousa and Seidl, Eliane Maria Fleury},
  title         = {Castra{\c{c}}{\~a}o qu{\'\i}mica em casos de pedofilia},
  journal       = {Revista bio{\'e}tica},
  volume        = {22},
  number        = {2},
  pages         = {252--261},
  year          = {2014},
  publisher     = {SciELO},
  address       = {Brasília},
  doi           = {https://doi.org/10.1590/1983-80422014222006},
  subtitle      = {considera{\c{c}}{\~o}es bio{\'e}ticas},
  issn          = {1983-8042},
  url           = {https://www.scielo.br/scielo.php?script=sci_arttext&pid=S1983-80422014000200007},
  urlaccessdate = {19 mai. 2020},
}
%https://www.scielo.br/pdf/bioet/v22n2/07.pdf
%Página 254

@Article{pelisoli2010prevenccao,
  author			  =	{Pelisoli, C{\'a}tula and Piccoloto, Luciane Benvegnu},
	title			    =	{Preven{\c{c}}{\~a}o do abuso sexual infantil},
  subtitle      = {Estrat{\'e}gias cognitivo-comportamentais na escola, na fam{\'\i}lia e na comunidade},
	journal			  =	{Revista Brasileira de Terapias Cognitivas},
	volume        = {6},
  number        = {1},
  year          = {2010},
  pages         = {108--137},
  address       = {Rio de Janeiro},
	issn			    =	{1808-5687},
	url				    =	{http://pepsic.bvsalud.org/scielo.php?script=sci_arttext&pid=S1808-56872010000100007&nrm=iso},
	urlaccessdate =	{19 abr. 2020},
  publisher     = {SciELO},
}
%http://pepsic.bvsalud.org/pdf/rbtc/v6n1/v6n1a07.pdf
%Página 126

@article{chen2007prevention,
  author        = {Chen, JingQi and Dunne, Michael and Han, Ping},
  title         = {Prevention of child sexual abuse in China},
  subtitle      = {Knowledge, attitudes, and communication practices of parents of elementary school children},
  journal       = {Child abuse \& neglect},
  volume        = {31},
  number        = {7},
  pages         = {747--755},
  year          = {2007},
  issn          = {0145-2134},
  note          = {PMID: 17628670},
  doi           = {https://doi.org/10.1016/j.chiabu.2006.12.013},
  publisher     = {Elsevier},
  url           = {https://www.sciencedirect.com/science/article/abs/pii/S0145213407001408},
  urlaccessdate =	{2 jun. 2020},
}
%https://www.sciencedirect.com/science/article/abs/pii/S0145213407001408
%Página 751

@Article{silverman2008evidence,
  author        = {Silverman, Wendy and Ortiz, Claudio and Viswesvaran, Chockalingham and Burns, Barbara and Kolko, David and Putnam, Frank and Amaya-Jackson, Lisa},
  title         = {Evidence-based psychosocial treatments for children and adolescents exposed to traumatic events},
  journal       = {Journal of Clinical Child \& Adolescent Psychology},
  volume        = {37},
  number        = {1},
  pages         = {156--183},
  year          = {2008},
  address       = {[online]},
  doi           = {https://doi.org/10.1080/15374416.2016.1220309},
  url           = {https://www.ncbi.nlm.nih.gov/pmc/articles/PMC5395332/},
  note          = {PMID: 27759442},
  urlaccessdate =	{4 nov. 2020},
}
%https://pubmed.ncbi.nlm.nih.gov/18444057/
%https://www.ncbi.nlm.nih.gov/pmc/articles/PMC5395332/pdf/nihms825120.pdf
%Página Tabelas

@Techreport{oei2020tomada,
  address       = {Brasília, DF},
  organization  = {OEI},
  pages         = {39},
  title         = {Tomada de Preços Nº. 002/2020},
  year          = {2020},
  url           = {https://www.gov.br/mdh/pt-br/assuntos/noticias/2020-2/junho/TOMADA_DE_PRECOS_N0022020MMFDH_FINAL.pdf/view},
  urlaccessdate = {6 nov. 2020},
}
%https://www.gov.br/mdh/pt-br/assuntos/noticias/2020-2/junho/TOMADA_DE_PRECOS_N0022020MMFDH_FINAL.pdf
%Página 14 

@Article{scholes2014serious,
  author        = {Scholes, Laura and Jones, Christian and Stieler-Hunt, Colleen and Rolfe, Ben},
  title         = {Serious games for learning},
  subtitle      = {games-based child sexual abuse prevention in schools},
  journal       = {International Journal of Inclusive Education},
  volume        = {18},
  number        = {9},
  pages         = {934--956},
  year          = {2014},
  publisher     = {Routledge},
  address       = {[online]},
  doi           = {https://doi.org/10.1080/13603116.2013.860195},
  url           = {https://www.tandfonline.com/doi/abs/10.1080/13603116.2013.860195},
  urlaccessdate	=	{6 nov. 2020},
}
%https://www.researchgate.net/publication/259932746_Serious_games_for_learning_games-_based_child_sexual_abuse_prevention_in_schools
%Página 936

@Article{barron2008school,
  author        = {Barron, Ian and Topping, Keith},
  title         = {School-based child sexual abuse prevention programmes},
  subtitle      = {the evidence on effectiveness},
  journal       = {Journal of Children's Services},
  volume        = {3},
  number        = {3},
  pages         = {31--53},
  year          = {2008},
  issn          = {1746-6660},
  address       = {Brighton},
  url           = {https://www.emerald.com/insight/content/doi/10.1108/17466660200800017/full/html},
  doi           = {http://dx.doi.org/10.1108/17466660200800017},
  publisher     = {Emerald Insight},
  urlaccessdate	=	{6 nov. 2020},
}
%https://www.researchgate.net/publication/228376245_School-based_child_sexual_abuse_prevention_programmes_The_evidence_on_effectiveness
%Página 41

@article{budin1989sex,
  author        = {Budin, Lee Eric and Johnson, Charles Felzen},
  title         = {Sex abuse prevention programs},
  subtitle      = {Offenders' attitudes about their efficacy},
  journal       = {Child Abuse \& Neglect},
  volume        = {13},
  number        = {1},
  pages         = {77--87},
  year          = {1989},
  address       = {Columbus},
  issn          = {0145-2134},
  doi           = {https://doi.org/10.1016/0145-2134(89)90031-8},
  url           = {https://www.sciencedirect.com/science/article/pii/0145213489900318},
  publisher     = {Elsevier},
  urlaccessdate	=	{6 nov. 2020},
}
%https://www.sciencedirect.com/science/article/pii/0145213489900318
%Página 80

@MastersThesis{meyer2017analise,
  author			  =	{Meyer, Fabricio},
	title			    =	{An{\'a}lise do jogo 'trilha da prote{\c{c}}{\~a}o'},
  school        = {Universidade Estadual Paulista},
  year			    =	{2017},
	address       = {Araraquara},
	subtitle      = {como auxilar na diminui{\c{c}}{\~a}o da vulnerabilidade para a viol{\^e}ncia sexual infantil},
	URL				    =	{http://hdl.handle.net/11449/150582},
	urlaccessdate =	{13 abr. 2020},
}
%http://hdl.handle.net/11449/150582
%Não me recordo

@Article{stieler2016paper,
  author        = {Colleen Stieler-Hunt and Christian Jones},
  title         = {Feeling alienated},
  subtitle      = {teachers using immersive digital games in classrooms},
  journal       = {Technology, Pedagogy and Education},
  volume        = {26},
  number        = {4},
  pages         = {457-470},
  address       = {[online]},
  year          = {2017},
  publisher     = {Routledge},
  issn          = {1475-939X},
  doi           = {10.1080/1475939X.2017.1334227},
  url           = {https://doi.org/10.1080/1475939X.2017.1334227},
  urlaccessdate	=	{13 nov. 2020},
}
%https://www.tandfonline.com/doi/full/10.1080/1475939X.2017.1334227
%Página TUDO


@Article{wentzel1998social,
  author        = {Wentzel, Kathryn},
  title         = {Social Relationships and Motivation in Middle School},
  subtitle      = {The Role of Parents, Teachers, and Peers},
  journal       = {Journal of Educational Psychology},
  volume        = {90},
  number        = {2},
  address       = {Maryland},
  pages         = {202--209},
  year          = {1998},
  doi           = {https://doi.org/10.1037/0022-0663.90.2.202},
  url           = {https://psycnet.apa.org/doiLanding?doi=10.1037%2F0022-0663.90.2.202},
  urlaccessdate	=	{12 nov. 2020},
  publisher     = {American Psychological Association}
}
%https://psycnet.apa.org/doiLanding?doi=10.1037/0022-0663.90.2.202
%Página 202

@Article{jones2020serious,
  author        = {Jones, Christian and Scholes, Laura and Rolfe, Ben and Stieler-Hunt, Colleen},
  title         = {A serious-game for child sexual abuse prevention},
  subtitle      = {An evaluation of Orbit},
  journal       = {Child Abuse \& Neglect},
  volume        = {107},
  number        = {104569},
  year          = {2020},
  address       = {[online]},
  issn          = {0145-2134},
  publisher     = {Elsevier},
  doi           = {https://doi.org/10.1016/j.chiabu.2020.104569},
  url           = {https://www.sciencedirect.com/science/article/abs/pii/S0145213420302246},
  urlaccessdate	=	{12 nov. 2020},
}
%https://www.sciencedirect.com/science/article/abs/pii/S0145213420302246
%Página TUDO

@Proceedings{jones2010being,
  author        = {Jones, Christian and Pozzebon, Kay},
  title         = {Being Safety Smart},
  subtitle      = {Social Issue Game for Child Protective Behaviour Training},
  booktitle     = {Interação Humano-Computador},
  doi           = {http://dx.doi.org/10.14236/ewic/HCI2010.20},
  url           = {https://www.scienceopen.com/document?vid=ab6e8058-ad1e-4419-a74f-bfb1d0e1a2c1},
  publisher     = {Science Open},
  address       = {[online]},
  pages         = {151--159},
  year          = {2010},
  urlaccessdate	=	{23 nov. 2020},
}
%https://www.scienceopen.com/document_file/4c902f75-be26-4dd5-929f-59288a948b01/ScienceOpen/151_Jones.pdf
%Página TUDO

@Misc{steiler2012orbit,
  title         = {Orbit},
  subtitle      = {Teachers' Guide},
  author        = {Steiler-Hunt, Colleen and Scholes, Laura and McLean, Lisa and McLean, Renai},
  year          = {2012},
  publisher     = {University of the Sunshine Coast},
  address       = {[online]},
  url           = {http://orbit.org.au/resource/classroom-activities/#guide},
  urlaccessdate	=	{27 nov. 2020},
}
%http://orbit.org.au/downloads/OrbitTeachersGuide.pdf
%Página TUDO

@MastersThesis{pajala2018compiled,
  author        = {Pajala, Petra and Ripatti, Pia},
  title         = {A compiled analysis of child abuse prevention programs for educators},
  school        = {University of Oulu},
  year          = {2018},
  address       = {Oulu},
  url           = {http://jultika.oulu.fi/Record/nbnfioulu-201808232667},
  urlaccessdate	=	{23 nov. 2020},
}
%http://jultika.oulu.fi/files/nbnfioulu-201808232667.pdf
%Página 42

@Misc{fingerle2012cool,
  author        = {Fingerle, Michael and Röder, Mandy and Müller, Anna},
  title         = {„Cool and Safe“},
  subtitle      = {Ergebnisse der Evaluationsstudie},
  publisher     = {Universidade Frankfurk Am Main},
  url           = {https://www.smogline.de/9-cool-and-safe-neues-eu-gefoerdertes-projekt},
  urlaccessdate	=	{19 abr. 2020},
  year          = {2012},
}
%https://www.smogline.de/images/stories/1-Download/1-Bausteine/1-Evaluationsstudie%20Cool_and_Safe.pdf
%Página TUDO 
%Ano provável

@Misc{fingerle2012abschlussbericht,
  author        = {Fingerle, Michael and Rinnert, Kerstin},
  title         = {Abschlussbericht},
  subtitle      = {„Cool and Safe“},
  publisher     = {Universidade Frankfurk Am Main},
  url           = {https://www.smogline.de/9-cool-and-safe-neues-eu-gefoerdertes-projekt},
  urlaccessdate	=	{19 abr. 2020},
  year          = {2012},
}
%https://www.smogline.de/images/stories/1-Download/1-Bausteine/2-Evaluationsstudie%20Cool_and_Safe.pdf
%Página TUDO
%Ano provável

@article{mueller2012web,
  title         = {Web-based training for the prevention of child sexual abuse},
  author        = {Mueller, Anna and Hein, Sascha and Fingerle, Michael and Grumm, Mandy},
  journal       = {International Journal of Psychology},
  volume        = {47},
  year          = {2012},
  issn          = {0020-7594},
  url           = {https://oce.ovid.com/article/00011205-201201001-03349/HTML},
  urlaccessdate	=	{28 nov. 2020},
}
%https://www.idea-frankfurt.eu/en/research/theme/individual-development/cas
%Não me recordo

@Book{gopalan2018social,
  title         = {Social, Psychological, and Forensic Perspectives on Sexual Abuse},
  author        = {Gopalan, Rejani Thudalikunnil},
  year          = {2018},
  publisher     = {IGI Global},
  address       = {Hershey},
  issn          = {2475-6660},
  url           = {https://books.google.com.br/books?id=lelIDwAAQBAJ},
  urlaccessdate	=	{4 fev. 2021},
}
%https://books.google.com.br/books?id=lelIDwAAQBAJ
%Página 158

@Article{carrara2018criancca,
  author        = {Carrara, Maria Rita and Guedes, Gustavo Paiva},
  title         = {Crian{\c{c}}a Protegida},
  subtitle      = {um jogo para prevenir a viol{\^e}ncia sexual contra crian{\c{c}}as},
  journal       = {Simpósio Brasileiro de Informática na Educação},
	volume        = {29},
	number        = {1},
	year          = {2018},
  pages         = {1825--1829},
  issn          = {2316-6533},
  doi           = {http://dx.doi.org/10.5753/cbie.sbie.2018.1825},
  url           = {https://br-ie.org/pub/index.php/sbie/article/view/8163},
  urlaccessdate	=	{4 fev. 2021},
}
%https://br-ie.org/pub/index.php/sbie/article/view/8163/5849
%Página TUDO

@MastersThesis{buchinger2014sherlock,
  author        = {Buchinger, Diego},
  title         = {Sherlock dengue 8},
  school        = {Universidade do Estado de Santa Catarina},
  year          = {2014},
  address       = {Joinville},
  subtitle      = {the Neighborhood-um jogo s{\'e}rio colaborativo-competitivo para combate {\`a} dengue},
  url           = {https://www.udesc.br/cct/ppgca/publicacoes/dissertacoes},
  urlaccessdate	=	{17 nov. 2020},
}
%https://www.udesc.br/arquivos/cct/id_cpmenu/1024/diego_buchinger__1__15167055468902_1024.pdf
%Página 103

@Book{domsch2017dialogue,
  title         = {Dialogue in video games},
  publisher     = {John Benjamins Publishing Company},
  author        = {Domsch, Sebastian},
  isbn          = {978-90-272-1045-6},
  year          = {2017},
  doi           = {https://doi.org/10.1075/ds.28},
  url           = {https://books.google.com.br/books?id=9T8DDgAAQBAJ},
  urlaccessdate	=	{17 nov. 2020},
}
%https://www.academia.edu/37187222/Dialogue_in_video_games
%Página 253

@MastersThesis{limeira2015avaliaccao,
  title         = {Avalia{\c{c}}{\~a}o, an{\'a}lise e desenvolvimento de jogo s{\'e}rio digital para desktop sobre sintomas e procedimentos de emerg{\^e}ncia do Acidente Vascular Cerebral},
  author        = {Limeira, Carlos Felippe Dias},
  school        = {Universidade Federal do Rio Grande do Norte},
  year          = {2015},
  address       = {Natal},
  url           = {https://repositorio.ufrn.br/handle/123456789/20350},
  urlaccessdate	=	{17 nov. 2020},
}
%https://repositorio.ufrn.br/handle/123456789/20350
%Página TUDO

@Article{brandtzaeg2009children,
  author        = {Brandtz{\ae}g, Petter Bae and Heim, Jan},
  title         = {Children’s electronic gaming content preferences and psychosocial factors},
  subtitle      = {Is there a connection?},
  journal       = {Nordicom Review},
  volume        = {30},
  number        = {2},
  pages         = {69--86},
  year          = {2009},
  doi           = {https://doi.org/10.1515/nor-2017-0152},
  publisher     = {ResearchGate},
  urlaccessdate	=	{17 nov. 2020},
}
%https://content.sciendo.com/view/journals/nor/30/2/article-p69.xml
%Página 71

@Article{bishop1998designing,
  author        = {Bishop, Lars and Eberly, Dave and Whitted, Turner and Finch, Mark and Shantz, Michael},
  title         = {Designing a PC game engine},
  journal       = {IEEE Computer Graphics and Applications},
  volume        = {18},
  number        = {1},
  pages         = {46--53},
  year          = {1998},
  publisher     = {IEEE},
  doi           = {https://doi.org/10.1109/38.637270},
  issn          = {0272-1716},
  urlaccessdate	=	{17 nov. 2020},
}
%https://ieeexplore.ieee.org/abstract/document/637270/
%Não me recordo

@Article{machado2009serious,
  author        = {Machado, Liliane and Moraes, Ronei and Nunes, F{\'a}tima},
  title         = {Serious Games para Sa{\'u}de e Treinamento Imersivo},
  publisher     = {Revista Brasileira de Educação Médica},
  volume        = {35},
  number        = {2},
  pages         = {31--60},
  year          = {2009},
  address       = {Porto Alegre},
  doi           = {http://dx.doi.org/10.1590/S0100-55022011000200015},
  url           = {https://www.researchgate.net/publication/266334970},
  urlaccessdate	=	{17 nov. 2020},
}
%https://www.researchgate.net/profile/Liliane_Machado/publication/266334970_Capitulo_2_Serious_Games_para_Saude_e_Treinamento_Imersivo/links/54d266d20cf28e069724100f/Capitulo-2-Serious-Games-para-Saude-e-Treinamento-Imersivo.pdf
%Não me recordo

@Inproceedings{scherer2020analise,
  author        = {Scherer, Daniel and Batista, Daniele Ventura and de Cantalice Mendes, Aline},
  title         = {Análise da Evolução de Engines de Jogos},
  booktitle     = {Anais do V Congresso sobre Tecnologias na Educação},
  year          = {2020},
  pages         = {425--434},
  publisher     = {SBC},
  address       = {Porto Alegre},
  doi           = {https://doi.org/10.5753/ctrle.2020.11420},
  url           = {https://sol.sbc.org.br/index.php/ctrle/article/view/11420},
  urlaccessdate	=	{17 nov. 2020},
}
%https://sol.sbc.org.br/index.php/ctrle/article/view/11420/11283
%Página 6 (do documento)

@Article{albert2020desenvolvimento,
  author        = {Albert, Flávia Ribeiro and Costa, Daniel Leite},
  title         = {Desenvolvimento visual de jogo sério sobre educação sexual},
  journal       = {SBGames},
  publisher     = {SBC},
  year          = {2020},
  volume        = {19},
  pages         = {64--71},
  address       = {Recife},
  issn          = {2179-2259},
  url           = {https://www.sbgames.org/sbgames2020/proceedings/},
  urlaccessdate	=	{22 nov. 2020},
}
%https://www.sbgames.org/proceedings2020/ArtesDesignFull/209677.pdf
%Página TUDO

@Misc{campos1996dez,
  title         = {Dez etapas para o desenvolvimento de software educacional do tipo hiperm{\'\i}dia},
  author        = {Campos, Fernanda and Campos, Gilda and Rocha, Ana Regina},
  address       = {Barranquilla},
  publisher     = {Congresso Iberoamericano de Inform{\'a}tica Educativa.},
  pages         = {8--11},
  year          = {1996},
  url           = {http://www.c5.cl/ieinvestiga/actas/ribie96/ETAPAS.HTML},
  urlaccessdate	=	{9 abr. 2021},
}
%http://www.c5.cl/ieinvestiga/actas/ribie96/ETAPAS.HTML
%Página TUDO

@Article{montilva2002method,
  title         = {A method engineering approach to evaluate instructional products},
  author        = {Montilva, Jon{\'a}s and Barrios, Judith and Sandia, Beatriz},
  journal       = {Conferencia Latinoamericana de Inform{\'a}tica},
  publisher     = {ResearchGate},
  year          = {2002},
  address       = {Montevideo},
  url           = {https://www.researchgate.net/publication/228963195_A_Method_Engineering_Approach_to_Evaluate_Instructional_Products},
  urlaccessdate	=	{9 abr. 2021},
}
https://www.researchgate.net/publication/228963195_A_Method_Engineering_Approach_to_Evaluate_Instructional_Products
%Página TUDO

@Inproceedings{padron2007towards,
  title         = {Towards an effective evaluation framework for IMS LD-based didactic materials: Criteria and Measures},
  author        = {Padr{\'o}n, Carmen L and D{\'\i}az, Paloma and Aedo, Ignacio},
  booktitle     = {Human-Computer Interaction},
  pages         = {312--321},
  year          = {2007},
  organization  = {Springer},
  address       = {Heidelberg},
  isbn          = {978-3-540-73111-5},
  url           = {https://link.springer.com/chapter/10.1007/978-3-540-73111-5_36},
  urlaccessdate	=	{9 abr. 2021},
}
%https://link.springer.com/chapter/10.1007/978-3-540-73111-5_36
%Página TUDO

@Article{tarouco2004jogos,
  title         = {Jogos educacionais},
  author        = {Tarouco, Liane Margarida Rockenbach and Roland, Let{\'\i}cia Coelho and Fabre, Marie-Christine Julie Mascarenhas and Konrath, Mary L{\'u}cia Pedroso},
  publisher     = {RENOTE},
  address       = {Porto Alegre},
  year          = {2004},
  volume        = {2},
  number        = {1},
  issn          = {1679-1916},
  doi           = {https://doi.org/10.22456/1679-1916.13719},
  url           = {https://seer.ufrgs.br/renote/article/view/13719/8049},
  urlaccessdate	=	{13 abr. 2021},
}
%https://seer.ufrgs.br/renote/article/view/13719/8049
%Página 2

@Book{valente2021engenharia,
  title         = {Engenharia de Software Moderna},
  subtitle      = {Princípios e Práticas para Desenvolvimento de Software com Produtividade},
  author        = {Valente, Marco Tulio},
  year          = {2021},
  publisher     = {Moderna},
  isbn          = {978-65-00-00077-1},
  address       = {[online]},
  url           = {https://engsoftmoderna.info/},
  urlaccessdate = {13 abr. 2021},
}
%https://engsoftmoderna.info/
%Página Capítulo 2

@Article{wilson2009circles,
  title         = {Circles of support \& accountability},
  subtitle      = {A Canadian national replication of outcome findings},
  author        = {Wilson, Robin and Cortoni, Franca and McWhinnie, Andrew},
  journal       = {Sexual Abuse},
  volume        = {21},
  number        = {4},
  pages         = {412--430},
  year          = {2009},
  publisher     = {Sage},
  doi           = {https://doi.org/10.1177/1079063209347724},
  note          = {PMID: 19901236},
  url           = {https://journals.sagepub.com/doi/10.1177/1079063209347724},
  urlaccessdate = {14 abr. 2021},
}
%https://journals.sagepub.com/doi/10.1177/1079063209347724
%Página 429

@Book{tavares2001direito,
  title         = {Direito da inf{\^a}ncia e da juventude},
  author        = {Tavares, Jos{\'e} de Farias},
  publisher     = {Del Rey},
  address       = {Bahia},
  pages         = {61},
  year          = {2001},
}
%Não achei

@Article{oliveira2017evoluccao,
  title         = {Evolu{\c{c}}{\~a}o hist{\'o}rica dos direitos da crian{\c{c}}a e do adolescente com {\^e}nfase no ordenamento jur{\'\i}dico brasileiro},
  author        = {Oliveira, Thalissa Corr{\^e}a de},
  journal       = {Revista Interdisciplinar de direito},
  volume        = {10},
  number        = {2},
  year          = {2017},
  issn          = {1982-8373},
  url           = {http://revistas.faa.edu.br/index.php/FDV/article/view/173/141},
  urlaccessdate = {15 abr. 2021},
}
%http://revistas.faa.edu.br/index.php/FDV/article/view/173/141
%Página 342

@Article{robarts2003healing,
  title         = {The healing function of improvised songs in music therapy with a child survivor of early trauma and sexual abuse},
  author        = {Robarts, Jacqueline},
  journal       = {Psychodynamic music therapy: Case studies},
  pages         = {141--182},
  year          = {2003},
  publisher     = {Gilsum},
  address       = {Barcelona},
  url           = {https://www.researchgate.net/publication/270888166},
  urlaccessdate = {16 abr. 2021},
}
%https://www.researchgate.net/publication/270888166
%Página TUDO

@MastersThesis{cardoso2015abuso,
  title         = {Abuso Sexual Infantil},
  author        = {Cardoso, Diana Carolina Isidoro Logrado},
  school        = {Universidade de Coimbra},
  Address       = {Portugal},
  url           = {http://hdl.handle.net/10316/33713},
  urlaccessdate	=	{13 abr. 2020},
  year          = {2015},
}
%https://estudogeral.sib.uc.pt/bitstream/10316/33713/1/Abuso%20Sexual%20Infantil%2c%20FMUC%2c%202016%2c%20Diana%20Cardoso.pdf
%Página 69

@Article{motta2013short,
  title         = {Short game design document (SGDD)},
  subtitle      = {Documento de game design aplicado a jogos de pequeno porte e advergames},
  author        = {Motta, Rodrigo and Trigueiro, José},
  publisher     = {SBGames},
  pages         = {115--121},
  year          = {2013},
  issn          = {2179-2259},
  url           = {https://www.sbgames.org/sbgames2013/proceedings/computacao.html},
  urlaccessdate	=	{28 abr. 2021},
}
%http://www.hrenatoh.net/curso/nadigi/artigo_sobre_SGDD.pdf
%Página 115

%****
@Article{cheung2001use,
  title         = {The use of popular culture as a stimulus to motivate secondary students' English learning in Hong Kong},
  author        = {Cheung, Chi-Kim},
  journal       = {ELT},
  volume        = {55},
  number        = {1},
  pages         = {55--61},
  year          = {2001},
  doi           = {https://doi.org/10.1093/elt/55.1.55},
  publisher     = {Oxford University Press},
  url           = {https://academic.oup.com/eltj/article-abstract/55/1/55/3114081},
  urlaccessdate	=	{12 nov. 2020},
}
%https://academic.oup.com/eltj/article-abstract/55/1/55/3114081
%Página TUDO

@Article{chik2011learner,
  title         = {Learner autonomy development through digital gameplay},
  author        = {Chik, Alice},
  journal       = {Digital Culture \& Education},
  volume        = {3},
  number        = {1},
  pages         = {30--45},
  year          = {2011},
  publisher     = {CityU Scholars},
  url           = {https://scholars.cityu.edu.hk/en/publications/publication(6fc98a36-7d16-4c53-b059-3136f1fbd040).html},
  urlaccessdate	=	{12 nov. 2020},
}
%https://scholars.cityu.edu.hk/en/publications/learner-autonomy-development-through-digital-gameplay(6fc98a36-7d16-4c53-b059-3136f1fbd040).html
%Página TUDO

@Article{duncan2004your,
  title         = {Your best friend or your worst enemy},
  subtitle      = {Youth popular culture, pedagogy, and curriculum in urban classrooms},
  author        = {Duncan-Andrade, Jeffrey},
  journal       = {The Review of Education, Pedagogy, and Cultural Studies},
  volume        = {26},
  number        = {4},
  pages         = {313--337},
  year          = {2004},
  publisher     = {Taylor \& Francis},
  doi           = {https://doi.org/10.1080/10714410490905366},
  url           = {https://www.tandfonline.com/doi/abs/10.1080/10714410490905366},
  urlaccessdate	=	{12 nov. 2020},
}
%https://www.tandfonline.com/doi/abs/10.1080/10714410490905366?journalCode=gred20
%Página TUDO

@Article{giroux1988schooling,
  title         = {Schooling, popular culture, and a pedagogy of possibility},
  author        = {Giroux, Henry and Simon, Roger},
  journal       = {Journal of Education},
  volume        = {170},
  number        = {1},
  pages         = {9--26},
  year          = {1988},
  publisher     = {SAGE Publications Sage CA: Los Angeles, CA},
  url           = {https://journals.sagepub.com/doi/abs/10.1177/002205748817000103},
  doi           = {https://doi.org/10.1177/002205748817000103},
  urlaccessdate	=	{12 nov. 2020},
}
%Urlaccessdate		=	{12.11.2020},
%https://journals.sagepub.com/doi/abs/10.1177/002205748817000103

@book{fortim2020games,
  title         = {Games viciam. Fato ou fic{\c{c}}{\~a}o?},
  author        = {Fortim, Ivelise and Santaella, Lucia},
  volume        = {1},
  year          = {2020},
  address       = {São Paulo},
  pages         = {86},
  isbn          = {85-85786-56-6},
  publisher     = {Esta{\c{c}}{\~a}o das Letras e Cores Editora}
}
%Urlaccessdate		=	{27.08.2021},
%https://books.google.com.br/books?hl=pt-BR&lr=&id=_Wj2DwAAQBAJ&oi=fnd&pg=PT3&dq=Mercado+mundial+de+games+bilh%C3%B5es&ots=LiIG86BxmK&sig=bEcDyHehuEvmIQmj2bbg8IXeFhE#v=onepage&q=Mercado%20mundial%20de%20games%20bilh%C3%B5es&f=false

@MastersThesis{lourenco2011tipografia,
  title         = {Tipografia para livro de literatura infantil},
  subtitle      = {Desenvolvimento de um guia com recomendações tipográficas para designers},
  author        = {Louren{\c{c}}o, Daniel Alvares},
  school        = {Universidade Federal do Paraná},
  Address       = {Curitiba},
  url           = {https://hdl.handle.net/1884/26092},
  urlaccessdate	=	{31 ago. 2021},
  year          = {2011},
}
%https://acervodigital.ufpr.br/bitstream/handle/1884/26092/TIPOGRAFIA%20PARA%20LIVRO%20INFANTIL%20Desenvolvimento%20de%20um%20guia%20com%20recomendacoes%20tipograficas%20para%20designers.pdf?sequence=1&isAllowed=y
%Página 69


@MastersThesis{exemplo_dissertacao,
  author        = {SOBRENOME, Prenome do Autor},
  title         = {Título de obra},
  school        = {Vinculação acadêmica},
  year          = {data},
  address       = {local de apresentação/defesa},
  note          = {Descrição física},
  subtitle      = {subtítulo (se houver)},
  url           = {http://www.udesc.br/cct},
  urlaccessdate = {10 nov. 2020},
}


@PhdThesis{exemplo_tese,
  author        = {SOBRENOME, Prenome do Autor},
  title         = {Título de obra},
  school        = {Vinculação acadêmica},
  year          = {data},
  address       = {local de apresentação/defesa},
  note          = {Descrição física},
  subtitle      = {subtítulo (se houver)},
  url           = {http://www.udesc.br/cct},
  urlaccessdate = {10 nov. 2020},
}

@Book{exemplo_livroe,
  title         = {Título de obra},
  publisher     = {Editora},
  year          = {data de publicação},
  author        = {SOBRENOME, Prenome do Autor},
  address       = {Local de publicação},
  edition       = {Número da edição (se houver)},
  note          = {Descrição física},
  subtitle      = {subtítulo (se houver)},
  url           = {http://www.udesc.br/cct},
  urlaccessdate = {10 nov. 2020},
}

@Article{exemplo_artigo,
  author        = {SOBRENOME, Prenome do Autor},
  title         = {Título do artigo},
  journal       = {Título do periódico},
  year          = {data ou período de publicação},
  volume        = {numeração do ano e/ou volume},
  number        = {número e/ou edição},
  pages         = {páginas inicial e final},
  address       = {Local de publicação},
  doi           = {DOI},
  subtitle      = {subtítulo (se houver)},
  url           = {http://www.udesc.br/cct},
  urlaccessdate = {10 nov. 2020},
}

@Book{exemplo_livro,
  title     = {Título de obra},
  publisher = {Editora},
  year      = {data de publicação},
  author    = {SOBRENOME, Prenome do Autor},
  address   = {Local de publicação},
  edition   = {Número da edição (se houver)},
  subtitle  = {subtítulo (se houver)},
}





@Comment{jabref-meta: databaseType:bibtex;}
