@article{bandiera2017women,
	title			=	{{Women’s Empowerment in Action: Evidence from a Randomized Control Trial in Africa}},
	author			=	{Bandiera, Oriana and Buehren, Niklas and Burgess, Robin and Goldstein, Markus and Gulesci, Selim and Rasul, Imran and Sulaiman, Munshi},
	year			=	{2017},
	publisher		=	{World Bank},
	Address			=	{Washington, DC},
	Url				=	{https://www.ucl.ac.uk/~uctpimr/research/ELA.pdf},
	Urlaccessdate 	= 	{11.4.2020},
}
%https://openknowledge.worldbank.org/bitstream/handle/10986/28282/134122.pdf?sequence=4&isAllowed=y
%https://www.ucl.ac.uk/~uctpimr/research/ELA.pdf

@article{owidviolenceagainstrightsforchildren,
	author			=	{Esteban Ortiz-Ospina and Max Roser},
	title			=	{Violence against children and children’s rights},
	journal			=	{Our World in Data},
	year			=	{2020},
	Url				=	{https://ourworldindata.org/violence-against-rights-for-children},
	Urlaccessdate 	= 	{11.4.2020},
}
%https://ourworldindata.org/violence-against-rights-for-children

@misc{central2019crianca,
	title			=	{Crian{\c c}a denuncia av{\^o} por abuso ap{\'o}s aula sobre viol{\^e}ncia sexual no Paran{\'a}},
	Organization	=	{{Central Globo de Jornalismo}},
	year			=	{2019},
	Url				=	{https://g1.globo.com/pr/campos-gerais-sul/noticia/2019/03/12/crianca-denuncia-avo-por-abuso-apos-aula-sobre-violencia-sexual-no-parana.ghtml},
	Note			=	{Segundo a polícia, menina de 9 anos levou foto do idoso e explicou aos professores como tudo aconteceu. Homem de 67 anos foi preso.},
	Urlaccessdate 	= 	{11.4.2020},
}
%https://g1.globo.com/pr/campos-gerais-sul/noticia/2019/03/12/crianca-denuncia-avo-por-abuso-apos-aula-sobre-violencia-sexual-no-parana.ghtml

@misc{lidiane2018crianca,
	author			=	{Lidiane Moraes},
	title			=	{Crian{\c c}a escreve bilhete ap{\'o}s palestra em escola de MT e denuncia pai: `Já fui abusada pelo meu pai, isso pode ser den{\'u}ncia?'},
	Organization	=	{{Central Globo de Jornalismo}},
	year			=	{2018},
	Url				=	{https://g1.globo.com/mt/mato-grosso/noticia/2018/09/18/crianca-escreve-bilhete-apos-palestra-em-escola-de-mt-e-denuncia-pai-ja-fui-abusada-pelo-meu-pai-isso-pode-ser-denuncia.ghtml},
	Note			=	{Abusos teriam sido cometidos no período em que a menina de 10 anos morou com o pai em outra cidade.},
	Urlaccessdate 	= 	{11.4.2020},
}
%https://g1.globo.com/mt/mato-grosso/noticia/2018/09/18/crianca-escreve-bilhete-apos-palestra-em-escola-de-mt-e-denuncia-pai-ja-fui-abusada-pelo-meu-pai-isso-pode-ser-denuncia.ghtml

@misc{jonatas2018crianca,
	author			=	{Jonatas Boni},
	title			=	{M{\~a}e descobre que filha de 5 anos foi estuprada ao levar menina em pediatra de RO},
	Organization	=	{{Central Globo de Jornalismo}},
	year			=	{2018},
	Url				=	{https://g1.globo.com/ro/ji-parana-regiao-central/noticia/2018/08/08/mae-leva-filha-de-5-anos-ao-pediatra-e-descobre-que-menina-foi-estuprada-em-ro.ghtml},
	Note			=	{Caso aconteceu em uma casa na cidade de Vale do Paraíso. Menina contou que primo praticou o abuso, segundo a polícia.},
	Urlaccessdate 	= 	{11.4.2020},
}
%https://g1.globo.com/ro/ji-parana-regiao-central/noticia/2018/08/08/mae-leva-filha-de-5-anos-ao-pediatra-e-descobre-que-menina-foi-estuprada-em-ro.ghtml

@manual{saude2002notificacao,
	title			=	{Notifica{\c c}{\~a}o de maus-tratos contra crian{\c c}as e adolescentes pelos profissionais de sa{\'u}de: um passo a mais na cidadania em sa{\'u}de},
	year			=	{2002},
	Address			=	{Brasil},
	Organization	=	{{Minist{\'e}rio da Sa{\'u}de}},
	Howpublished	=	{Secretaria de Assist\^encia à Sa{\'u}de},
	Url				=	{https://bvsms.saude.gov.br/bvs/publicacoes/notificacao_maustratos_criancas_adolescentes.pdf},
	Urlaccessdate 	= 	{12.4.2020}
}
$https://bvsms.saude.gov.br/bvs/publicacoes/notificacao_maustratos_criancas_adolescentes.pdf

@article{pavao2013impasse,
	title			=	{O impasse na suspeita ou na confirma{\c{c}}{\~a}o de abuso sexual infantil: a necessidade de encontrar marcas f{\'\i}sicas},
	author			=	{Pav{\~a}o, Maria Theresa Bittencourt},
	journal			=	{BIS. Boletim do Instituto de Sa{\'u}de (Impresso)},
	volume			=	{14},
	number			=	{3},
	pages			=	{274--279},
	Url				=	{http://periodicos.ses.sp.bvs.br/pdf/bis/v14n3/v14n3a04.pdf},
	Urlaccessdate 	= 	{12.4.2020},
	year			=	{2013}
}
%http://periodicos.ses.sp.bvs.br/pdf/bis/v14n3/v14n3a04.pdf

@article{collin2013lessons,
	title			=	{Lessons learned from child sexual abuse research: Prevalence, outcomes, and preventive strategies},
	author			=	{Collin-V{\'e}zina, Delphine and Daigneault, Isabelle and H{\'e}bert, Martine},
	journal			=	{Child and adolescent psychiatry and mental health},
	volume			=	{7},
	number			=	{1},
	pages			=	{22},
	year			=	{2013},
	Url				=	{https://capmh.biomedcentral.com/track/pdf/10.1186/1753-2000-7-22},
	Urlaccessdate 	= 	{12.4.2020},
	publisher		=	{BioMed Central}
}
%https://capmh.biomedcentral.com/track/pdf/10.1186/1753-2000-7-22

@article{pelisoli2010prevenccao,
	title			=	{Preven{\c{c}}{\~a}o do abuso sexual infantil: Estrat{\'e}gias cognitivo-comportamentais na escola, na fam{\'\i}lia e na comunidade},
	journal			=	{{Revista Brasileira de Terapias Cognitivas}},
	author			=	{Pelisoli, C\~A!`tula AND Piccoloto, Luciane Benvegnu},
	ISSN			=	{1808-5687},
	language		=	{pt},
	URL				=	{http://pepsic.bvsalud.org/scielo.php?script=sci_arttext&pid=S1808-56872010000100007&nrm=iso},
	Urlaccessdate 	=	{13.4.2020},
	volume			=	{6},
	year			=	{2010},
	month			=	{06},
	pages			=	{108 - 137},
	publisher		=	{scielopepsic},
}
%http://pepsic.bvsalud.org/pdf/rbtc/v6n1/v6n1a07.pdf

@article{mendelson2015parent,
	title			=	{Parent-focused prevention of child sexual abuse},
	author			=	{Mendelson, Tamar and Letourneau, Elizabeth J},
	journal			=	{Prevention Science},
	volume			=	{16},
	number			=	{6},
	pages			=	{844--852},
	URL				=	{https://link.springer.com/article/10.1007/s11121-015-0553-z},
	Urlaccessdate	=	{13.4.2020},
	year			=	{2015},
	publisher		=	{Springer}
}
%https://www.ncbi.nlm.nih.gov/pubmed/25757528
%https://link.springer.com/article/10.1007/s11121-015-0553-z

@article{martinez2011prevencion,
	title			=	{Prevenci{\'o}n del abuso sexual infantil: An{\'a}lisis cr{\'\i}tico de los programas educativos},
	author			=	{Mart{\'\i}nez, Josefina},
	journal			=	{Psykhe},
	volume			=	{9},
	URL				=	{http://psykhe.cl/index.php/psykhe/article/view/443/422},
	Urlaccessdate	=	{13.4.2020},
	number			=	{2},
	year			=	{2011}
}
%http://psykhe.cl/index.php/psykhe/article/view/443/422

@article{meyer2017analise,
	title			=	{An{\'a}lise do jogo'trilha da prote{\c{c}}{\~a}o'como auxilar na diminui{\c{c}}{\~a}o da vulnerabilidade para a viol{\^e}ncia sexual infantil},
	author			=	{Meyer, Fabricio},
	year			=	{2017},
	URL				=	{http://hdl.handle.net/11449/150582},
	Urlaccessdate 	=	{13.4.2020},
	publisher		=	{Universidade Estadual Paulista (UNESP)}
}
%http://hdl.handle.net/11449/150582

@article{finkelhor2009prevention,
	title={The prevention of childhood sexual abuse},
	author={Finkelhor, David},
	journal={The future of children},
	pages={169--194},
	URL = {https://www.jstor.org/stable/27795052},
	Urlaccessdate	=	{13.4.2020},
	year={2009},
	publisher={JSTOR}
}
%http://unh.edu/ccrc/pdf/CV192.pdf

@article{cotonhoto2016pratica,
  title={Pr{\'a}tica de jogos eletr{\^o}nicos por crian{\c{c}}as Pequenas: o que dizem as Pesquisas recentes?},
  author={Cotonhoto, Larissy Alves and Rossetti, Claudia Broetto},
  journal={Revista Psicopedagogia},
  volume={33},
  number={102},
  pages={346--357},
  URL = {http://pepsic.bvsalud.org/scielo.php?script=sci_arttext&pid=S0103-84862016000300012},
  Urlaccessdate		=	{13.4.2020},
  year={2016},
  publisher={Associacao Brasileira de Psicopedagogia}
}
%http://pepsic.bvsalud.org/pdf/psicoped/v33n102/12.pdf

@article{aded2006abuso,
	title={Abuso sexual em crian{\c{c}}as e adolescentes: revis{\~a}o de 100 anos de literatura},
	author={Aded, Naura Liane de Oliveira and Dalcin, Bruno Lu{\'\i}s Galluzzi da Silva and Moraes, Talvane Marins de and Cavalcanti, Maria Tavares},
	journal={Archives of Clinical Psychiatry (S{\~a}o Paulo)},
	ISSN = {0101-6083},
	language = {pt},
	URL = {http://www.scielo.br/scielo.php?script=sci_arttext&pid=S0101-60832006000400006&nrm=iso},
	volume = {33},
	year = {2006},
	month = {00},
	pages = {204 - 213},
	Urlaccessdate		=	{13.4.2020},
	publisher = {scielo}
}
%http://www.scielo.br/pdf/rpc/v33n4/a05v33n4.pdf

@article{mariscal2003programa,
  title={Programa integral de prevenci{\'o}n del maltrato infantil por abuso sexual},
  author={Mariscal, Susana and Guti{\'e}rrez, Blanca},
  journal={Ajayu {\'O}rgano de Difusi{\'o}n Cient{\'\i}fica del Departamento de Psicolog{\'\i}a UCBSP},
  volume={1},
  number={1},
  pages={75--94},
  URL = {http://www.scielo.org.bo/scielo.php?pid=S2077-21612003000100005&script=sci_arttext},
  Urlaccessdate		=	{13.4.2020},
  year={2003},
  publisher={Universidad Cat{\'o}lica Boliviana" San Pablo"}
}
%http://www.scielo.org.bo/pdf/rap/v1n1/v1n1a05.pdf

@article{pinto2017avaliaccao,
  title={AVALIA{\c{C}}{\~A}O DE UM PROGRAMA DE ESCLARECIMENTO SOBRE ABUSO SEXUAL INFANTIL PARA PAIS E RESPONS{\'A}VEIS.},
  author={Pinto Junior, Antonio Augusto and Calefi, Mariana Faria and Teixeira, Priscila Almeida},
  journal={Revista Ci{\^e}ncia em Extens{\~a}o},
  volume={13},
  URL = {https://ojs.unesp.br/index.php/revista_proex/article/view/1476/1409},
  Urlaccessdate		=	{13.4.2020},
  number={3},
  year={2017}
}
%https://ojs.unesp.br/index.php/revista_proex/article/view/1476/1409

@misc{planalto13431,
	title = {Lei Nº 13.431 de 4 de abril de 2017},
	Organization	=	{Brasil. {Lei 13.431}},
	URL = {http://www.planalto.gov.br/ccivil_03/_Ato2015-2018/2017/Lei/L13431.htm},
	Urlaccessdate		=	{14.4.2020},
	year={2017},
	note = {Estabelece o sistema de garantia de direitos da criança e do adolescente vítima ou testemunha de violência e altera a Lei nº 8.069, de 13 de julho de 1990 (Estatuto da Criança e do Adolescente).}
}
%http://www.planalto.gov.br/ccivil_03/_Ato2015-2018/2017/Lei/L13431.htm


@article{caccia2014conselheiros,
  title={Conselheiros tutelares na linha de frente da preven{\c{c}}{\~a}o do abuso sexual},
  author={Caccia-Bava J{\'u}nior, Augusto and Fabiano, Eul{\'a}lia},
  journal={Estudos de Sociologia},
  pages={205--220},
  URL = {http://hdl.handle.net/11449/124997},
  Urlaccessdate		=	{13.4.2020},
  year={2014}
}
%https://periodicos.fclar.unesp.br/estudos/article/view/6569/5129

@mastersthesis{cardoso2016abuso,
  title={Abuso sexual infantil},
  author={Cardoso, Diana Carolina Isidoro Logrado},
  school = {Universidade de Coimbra},
  Address = {Portugal},
  URL = {http://hdl.handle.net/10316/33713},
  Urlaccessdate		=	{13.4.2020},
  year={2016}
}
%https://estudogeral.sib.uc.pt/bitstream/10316/33713/1/Abuso%20Sexual%20Infantil%2c%20FMUC%2c%202016%2c%20Diana%20Cardoso.pdf

@phdthesis{dip2016advancing,
  title={Advancing the use of Digital Game-Play in Primary and Secondary School Classrooms to Establish Supportive and Engaging Classroom Learning Environments},
  author={Dip, Colleen Stieler-Hunt B Sc},
  year={2016},
  URL = {https://pdfs.semanticscholar.org/e00d/2f1f3824816c591dc16c95392253a21a6d86.pdf},
  Urlaccessdate		=	{17.4.2020},
  school={University of the Sunshine Coast}
}
%https://pdfs.semanticscholar.org/e00d/2f1f3824816c591dc16c95392253a21a6d86.pdf

@article{almeida2019uhambo,
  title={Uhambo: Jogo de tabuleiro como ferramenta de ax{\'\i}lio para identifica{\c{c}}{\~a}o de situa{\c{c}}{\~o}es de abuso sexual infantil},
  author={Almeida, Ra{\'\i}ssa Maldonado de and others},
  year={2019},
  URL = {https://repositorio.ufsc.br/handle/123456789/202946},
  Urlaccessdate		=	{17.4.2020},
  publisher={Florian{\'o}polis, SC}
}
%https://repositorio.ufsc.br/handle/123456789/202946

@article{fingerleabschlussbericht,
  title={Abschlussbericht:„Evaluation Cool and Safe “Abschlussbericht:„Evaluation Cool and Safe “},
  URL = {https://www.smogline.de/images/stories/1-Download/1-Bausteine/2-Evaluationsstudie%20Cool_and_Safe.pdf},
  Urlaccessdate		=	{19.4.2020},
  author={Fingerle, Michael and Rinnert, Kerstin}
}
%https://www.smogline.de/images/stories/1-Download/1-Bausteine/2-Evaluationsstudie%20Cool_and_Safe.pdf

@article{maria2010papel,
  title={O papel da comunidade na preven{\c{c}}{\~a}o dos abusos sexuais de crian{\c{c}}as (ASC)},
  author={Maria, Susana and Ornelas, Jos{\'e}},
  journal={An{\'a}lise Psicol{\'o}gica},
  volume={28},
  number={3},
  pages={411--436},
  URL = {http://www.scielo.mec.pt/scielo.php?script=sci_arttext&pid=S0870-82312010000300004},
  Urlaccessdate		=	{19.4.2020},
  year={2010},
  publisher={Instituto Superior de Psicologia Aplicada}
}
%http://www.scielo.mec.pt/pdf/aps/v28n3/v28n3a04.pdf

@article{plummer1999history,
  title={The history of child sexual abuse prevention: A practitioner's perspective},
  author={Plummer, Carol A},
  journal={Journal of Child Sexual Abuse},
  volume={7},
  number={4},
  pages={77--95},
  URL = {https://www.tandfonline.com/doi/abs/10.1300/J070v07n04_06},
  Urlaccessdate		=	{20.4.2020},
  year={1999},
  publisher={Taylor \& Francis}
}
%https://www.tandfonline.com/doi/abs/10.1300/J070v07n04_06

@book{walker1988physically,
  title={The physically and sexually abused child: Evaluation and treatment.},
  author={Walker, C Eugene and Bonner, Barbara L and Kaufman, Keith L},
  year={1988},
  publisher={Pergamon Press}
}

@article{epidemiological2014Singh,
	title={An Epidemiological Overview of Child Sexual Abuse},
	author={Singh, Mannat Mohanjeet and Parsekar, Shradha and Nair, Sreekumaran},
	URL = {https://www.ncbi.nlm.nih.gov/pmc/articles/PMC4311357/},
	journal = {Journal of family medicine and primary care},
	Urlaccessdate		=	{23.4.2020},
	year={2014},
}
%https://www.ncbi.nlm.nih.gov/pmc/articles/PMC4311357/


@article{stoltenborgh2011global,
  title={A global perspective on child sexual abuse: meta-analysis of prevalence around the world},
  author={Stoltenborgh, Marije and Van Ijzendoorn, Marinus H and Euser, Eveline M and Bakermans-Kranenburg, Marian J},
  journal={Child maltreatment},
  volume={16},
  number={2},
  pages={79--101},
  URL = {https://journals.sagepub.com/doi/abs/10.1177/1077559511403920},
  Urlaccessdate		=	{23.4.2020},
  year={2011},
  publisher={Sage Publications Sage CA: Los Angeles, CA}
}
%https://journals.sagepub.com/doi/abs/10.1177/1077559511403920

@article{who1999report,
  title={Report of the consultation on child abuse prevention},
  author={WHO},
  journal={W HO Geneva},
  pages={29--31},
  year={1999}
}

@article{azzopardi2019meta,
  title={A meta-analysis of the prevalence of child sexual abuse disclosure in forensic settings},
  author={Azzopardi, Corry and Eirich, Rachel and Rash, Christina L and MacDonald, Sarah and Madigan, Sheri},
  journal={Child abuse \& neglect},
  volume={93},
  pages={291--304},
  year={2019},
  URL = {https://www.sciencedirect.com/science/article/abs/pii/S0145213418304411},
  Urlaccessdate		=	{23.4.2020},
  publisher={Elsevier}
}

@article{bassani2009child,
  title={Child sexual abuse in southern Brazil and associated factors: a population-based study},
  author={Bassani, Diego G and Palazzo, Lilian S and B{\'e}ria, Jorge U and Gigante, Luciana P and Figueiredo, Andr{\'e}ia CL and Aerts, Denise RGC and Raymann, Beatriz CW},
  journal={BMC Public Health},
  volume={9},
  number={1},
  pages={133},
  URL = {https://bmcpublichealth.biomedcentral.com/articles/10.1186/1471-2458-9-133},
  Urlaccessdate		=	{23.4.2020},
  year={2009},
  publisher={BioMed Central}
}

@article{bullough2005age,
  title={Age of consent: A historical overview},
  author={Bullough, Vern L},
  journal={Journal of Psychology \& Human Sexuality},
  volume={16},
  number={2-3},
  pages={25--42},
  year={2005},
  publisher={Taylor \& Francis}
}
%verificar melhor essa citação

@article{federal1990estatuto,
  title={Estatuto da Crian{\c{c}}a e do Adolescente},
  author={{Estatuto da Crian{\c{c}}a e do Adolescente}},
  journal={Lei federal},
  URL = {https://www.faneesp.edu.br/site/documentos/estatuto_crianca_adolescente.pdf},
  Urlaccessdate		=	{24.4.2020},
  volume={8},
  year={1990}
}
%https://www.faneesp.edu.br/site/documentos/estatuto_crianca_adolescente.pdf

@article{brasil1988convenccao,
  title={Conven{\c{c}}{\~a}o sobre os Direitos da Crian{\c{c}}a},
  author={UNICEF},
  journal={Adotada em Assembl{\'e}ia Geral das Na{\c{c}}{\~o}es Unidas em},
  volume={20},
  year={1988}
}