@article{pereira2011crescimento,
  title     =   {Crescimento e desenvolvimento},
  author    =   {Pereira, Orlando Ant{\^o}nio},
  journal   =   {Apostila de Pediatria da Faculdade de Ci{\^e}ncias M{\'e}dicas da Unifenas},
  year      =   {2011}
}
%https://s3.amazonaws.com/academia.edu.documents/38224655/Crescimento_e_Desenvolvimento.pdf?response-content-disposition=inline%3B%20filename%3DCrescimento_e_Desenvolvimento.pdf&X-Amz-Algorithm=AWS4-HMAC-SHA256&X-Amz-Credential=AKIAIWOWYYGZ2Y53UL3A%2F20190802%2Fus-east-1%2Fs3%2Faws4_request&X-Amz-Date=20190802T193823Z&X-Amz-Expires=3600&X-Amz-SignedHeaders=host&X-Amz-Signature=280c2f0ffbdfb40a540324bb5bc18c1fcea1df3eae7fc2d15b4684acae067d15

@misc{DireitosHumanos2018,
  title     =   {Relat{\'o}rio 2017},
  author    =   {{Minist{\'e}rio dos Direitos Humanos}},
  journal   =   {Balanço Ouvidoria},
  howpublished  =   {Disponível em: \url{https://www.mdh.gov.br/informacao-ao-cidadao/ouvidoria/dados-disque-100/relatorio-balanco-digital.pdf}},
  year      =   {2018}
}
%https://www.mdh.gov.br/informacao-ao-cidadao/ouvidoria/dados-disque-100/relatorio-balanco-digital.pdf

@article{lima2018violencia,
  title     =   {VIOL{\^E}NCIA SEXUAL INFANTIL NO {\^A}MBITO FAMILIAR: PERFIL DO ABUSADOR E AS CONSEQU{\^E}NCIAS PSICOL{\'O}GICAS},
  author    =   {Lima, Cristina and Costa, Maria and Lopes, Graciana},
  journal   =   {Anais Concifa},
  volume    =   {1},
  year      =   {2018}
}
%http://periodicos.fametro.edu.br/index.php/AE/article/view/57/56

@article{da2019violencia,
  title     =   {Viol{\^e}ncia sexual infantil no Brasil: uma quest{\~a}o de sa{\'u}de p{\'u}blica},
  author    =   {Ramos, Marina and da Concei{\c{c}}{\~a}o Sanches, Leide and de Araujo, Gabriela and Rozin, Leandro and Rauli, Patricia Maria Forte},
  journal   =   {Revista Iberoamericana de Bio{\'e}tica},
  pages     =   {1--13},
  year      =   {2019}
}
%https://revistas.comillas.edu/index.php/bioetica-revista-iberoamericana/article/view/9654/10420

@article{Boletim2018,
  title     =   {Análise epidemiológica da violência sexual contra crianças e adolescentes no Brasil, 2011 a 2017},
  author    =   {{Ministério da Saúde}},
  journal   = 	{Boletim Epidemiológico},
  publisher =   {Secretaria de Vigilância em Saúde},
  issn      =   {9352-7864},
  volume    =   {49},
  year      =   {2018}
}
%http://portalarquivos2.saude.gov.br/images/pdf/2018/junho/25/2018-024.pdf

@article{hockenberry2011wong,
  title     =   {Wong's Fundamentos Enfermagem Pediátrica},
  author    =   {Hockenberry, Marilyn},
  year      =   {2011},
  publisher =   {Elsevier Health Sciences}
}
%https://www.elsevier.com/pt-br/connect/ciencias-da-saude/violencia-infantil-as-pequenas-vitimas

@misc{Darknet2017,
  title         =   {Operação Darknet},
  author        =   {{Ministério Público Federal}},
  journal       =   {Polícia Federal},
  howpublished  =   {Disponível em: \url{http://www.mpf.mp.br/rs/sala-de-imprensa/docs/outros-documentos/operacao-darknet}},
  year          =   {2017}
}
%http://www.mpf.mp.br/rs/sala-de-imprensa/docs/outros-documentos/operacao-darknet

@article{carrara2018criancca,
  title     =   {Crian{\c{c}}a Protegida: um jogo para prevenir a viol{\^e}ncia sexual contra crian{\c{c}}as},
  author    =   {Carrara, Maria Rita and Guedes, Gustavo Paiva},
  booktitle =   {Simp{\'o}sio Brasileiro de Inform{\'a}tica na Educa{\c{c}}{\~a}o},
  volume    =   {29},
  pages     =   {1825--1828},
  year      =   {2018}
}
%https://pdfs.semanticscholar.org/c75a/a49c63f851ad86f99a289238c9dd9d32c694.pdf

@article{women2018international,
  title     =   {International technical guidance on sexuality education: an evidence-informed approach},
  author    =   {{UNICEF}},
  year      =   {2018},
  publisher =   {UNESCO}
}
%https://www.unaids.org/sites/default/files/media_asset/ITGSE_en.pdf

@article{miranda2018abordagem,
  booktitle =   {Acta Biomedica Brasiliensia},
  title     =   {Abordagem do tema doen{\c{c}}as sexualmente transmiss{\'\i}veis, no ensino fundamental regular, a partir de um jogo did{\'a}tico},
  author    =   {Miranda, Jean Carlos and Gonzaga, Glaucia Ribeiro and Pereira, Patricia Elias},
  journal   =   {Acta Biomedica Brasiliensia},
  volume    =   {9},
  issn      =   {2236-0867},
  pages     =   {105--121},
  year      =   {2018}
}
%https://www.actabiomedica.com.br/index.php/acta/article/viewFile/286/192

@article{Tiago2018,
  title     =   {Um jogo como estratégia de apoio à prevenção da Violência Sexual Infantil },
  author    =   {Tiago Franccisco Andrade Diocesano},
  journal   =   {Universidade do Estado de Santa Catarina},
  year      =   {2018}
}
%https://www.udesc.br/arquivos/cct/id_cpmenu/1024/disserta_ao_completa_15532596804969_1024.pdf

@article{tarouco2009gestao,
  title     =   {Gest{\~a}o colaborativa de conte{\'u}do educacional},
  author    =   {Tarouco, Liane Margarida Rockenbach and Schmitt, Marcelo Augusto Rauh and Rodrigues, Alessandra Pereira and Viccari, Rosa Maria},
  journal   =   {RENOTE},
  volume    =   {7},
  year      =   {2009}
}
%https://www.seer.ufrgs.br/renote/article/viewFile/13975/7868

@article{domsch2017dialogue,
  title     =   {Dialogue in video games},
  author    =   {Domsch, Sebastian},
  journal   =   {Dialogue Across Media},
  pages     =   {251--70},
  year      =   {2017}
}
%https://www.academia.edu/37187222/Dialogue_in_video_games
%arrumar PDF

@article{prante2018professor,
  title     =   {O Professor como coordenador em um ambiente m{\'o}vel colaborativo de aprendizagem},
  author    =   {Prante, Anderson and Berkenbrock, Carla},
  journal   =   {Col{\'o}quio Luso-Brasileiro de Educa{\c{c}}{\~a}o},
  volume    =   {3},
  year      =   {2018}
}
%http://revistas.udesc.br/index.php/colbeduca/article/view/11383/8278

@article{pimentel2006modelo,
  title     =   {Modelo 3C de Colabora{\c{c}}{\~a}o para o desenvolvimento de Sistemas Colaborativos},
  author    =   {Pimentel, Mariano and Gerosa, Marco Aur{\'e}lio and Filippo, Denise and Raposo, Alberto and Fuks, Hugo and Lucena, Carlos Jos{\'e} Pereira de},
  journal   =   {Simp{\'o}sio Brasileiro de Sistemas Colaborativos},
  pages     =   {58--67},
  year      =   {2006}
}
%https://www.researchgate.net/profile/Alberto_Raposo/publication/228742053_Modelo_3C_de_Colaboracao_para_o_desenvolvimento_de_Sistemas_Colaborativos/links/0fcfd50bfa773e057c000000/Modelo-3C-de-Colaboracao-para-o-desenvolvimento-de-Sistemas-Colaborativos.pdf

@article{aires2017estudo,
  title     =   {Estudo e Implementa{\c{c}}{\~a}o de T{\'e}cnicas de Motiva{\c{c}}{\~a}o no Moodle},
  author    =   {Aires, Samanta F and Leite, Jair C},
  booktitle =   {Congresso da Sociedade Brasileira de Computação},
  volume    =   {37},
  pages     =   {43--52},
  year      =   {2017}
}
%http://csbc2017.mackenzie.br/public/files/14-sbsc/completos/13.pdf

@phdthesis{savi2011avaliaccao,
  title     =   {Avalia{\c{c}}{\~a}o de jogos voltados para a dissemina{\c{c}}{\~a}o do conhecimento},
  author    =   {Savi, Rafael and others},
  year      =   {2011},
  school    =   {Universidade Federal de Santa Catarina, Centro Tecnol{\'o}gico~}
}
%https://repositorio.ufsc.br/bitstream/handle/123456789/96046/299498.pdf?sequence=1&isAllowed=y