@article{fava2019jogo,
  title			= {Um jogo s{\'e}rio como tecnologia educacional para preven{\c{c}}{\~a}o da viol{\^e}ncia sexual infantil},
  author		= {Fava, Alexandre Mendon{\c{c}}a and Berkenbrock, Carla Diacui Medeiros},
  journal		= {Anais do Col{\'o}quio Luso-Brasileiro de Educa{\c{c}}{\~a}o-COLBEDUCA},
  volume		= {4},
  number		= {1},
  year			= {2019},
  url			= {https://www.revistas.udesc.br/index.php/colbeduca/article/view/17215},
}