@book{fuks2011sistemas,
  title     =   {Sistemas colaborativos},
  author    =   {Fuks, Hugo and Pimentel, Mariano},
  year      =   {2011},
  publisher =   {Elsevier Brasil}
}
%http://sistemascolaborativos.uniriotec.br/