@book{fuks2011sistemas,
  title     =   {Sistemas colaborativos},
  author    =   {Fuks, Hugo and Pimentel, Mariano},
  year      =   {2011},
  publisher =   {Elsevier Brasil}
}
%http://sistemascolaborativos.uniriotec.br/

@book{planaltoConstituicao,
  title     =   {Constituição},
  author    =   {Planalto},
  year      =   {1988},
  publisher =   {Brasil}
}
%http://www.planalto.gov.br/ccivil_03/constituicao/constituicao.htm

@book{Planalto8624,
  title     =   {Lei Nº 8.624},
  author    =   {Planalto},
  year      =   {1993},
  publisher =   {Brasil}
}
%http://www.planalto.gov.br/ccivil_03/Leis/L8624.htm

@book{Planalto10826,
  title     =   {Lei Nº 10.826},
  author    =   {Planalto},
  year      =   {2003},
  publisher =   {Brasil}
}
%http://www.planalto.gov.br/ccivil_03/LEIS/2003/L10.826.htm

@misc{SuicaDemocracia,
  title     =   {A democracia direta},
  author    =   {Descubra Suíça},
  year      =   {2017},
  publisher =   {Suíça}
}
%https://www.eda.admin.ch/aboutswitzerland/pt/home/politik/uebersicht/direkte-demokratie.html

@book{ONU,
  title     =   {Estudo sobre Governo Eletrónico},
  author    =   {Organização das Nações Unidas},
  year      =   {2018},
  publisher =   {Portugal}
}
%https://publicadministration.un.org/publications/content/PDFs/UN%20E-Government%20Survey%202018%20Portuguese.pdf

@misc{IBGEinternet,
  title     =   {PNAD Contínua TIC 2017: Internet chega a três em cada quatro domicílios do país},
  author    =   {Instituto Brasileiro de Geografia e Estatística},
  year      =   {2017},
  publisher =   {Estatísticas Sociais}
}
%https://agenciadenoticias.ibge.gov.br/agencia-sala-de-imprensa/2013-agencia-de-noticias/releases/23445-pnad-continua-tic-2017-internet-chega-a-tres-em-cada-quatro-domicilios-do-pais

@misc{IBGEanalfabetismo,
  title     =   {Conheça o Brasil - População},
  author    =   {Instituto Brasileiro de Geografia e Estatística},
  year      =   {2018},
  publisher =   {IBGE Educa}
}
%https://educa.ibge.gov.br/jovens/conheca-o-brasil/populacao/18317-educacao.html