@inproceedings{petersen2008systematic,
  title     =   {Systematic mapping studies in software engineering},
  author    =   {Petersen, Kai and Feldt, Robert and Mujtaba, Shahid and Mattsson, Michael},
  booktitle =   {12th International Conference on Evaluation and Assessment in Software Engineering (EASE) 12},
  pages     =   {1--10},
  year      =   {2008}
}
%https://www.scienceopen.com/document_file/5c16e1ce-c17c-4035-b7db-080757194d49/ScienceOpen/001_Petersen.pdf

@article{petersen2015guidelines,
  title     =   {Guidelines for conducting systematic mapping studies in software engineering: An update},
  author    =   {Petersen, Kai and Vakkalanka, Sairam and Kuzniarz, Ludwik},
  journal   =   {Information and Software Technology},
  volume    =   {64},
  pages     =   {1--18},
  year      =   {2015},
  publisher =   {Elsevier}
}
%https://www.sciencedirect.com/science/article/abs/pii/S0950584915000646

@article{barbosa2019pesquisa,
  title     =   {Pesquisa sobre o Uso das Tecnologias de Informação e Comunicação nos Domicílios Brasileiros: 2018},
  author    =   {{Comitê Gestor da Internet no Brasil}},
  journal   =   {S{\~a}o Paulo: Comit{\^e} Gestor da Internet no Brasil},
  year      =   {2019}
}
%https://cetic.br/media/docs/publicacoes/2/12225320191028-tic_dom_2018_livro_eletronico.pdf

@article{da2020inventar,
  title     =   {INVENTAR EDUCA{\c{C}}{\~A}O ESCOLAR NO BRASIL EM TEMPOS DA COVID-19},
  author    =   {da Silva Monteiro, Sandrelena},
  journal   =   {Revista Augustus},
  volume    =   {25},
  number    =   {51},
  pages     =   {237--254},
  year      =   {2020}
}
%https://revistas.unisuam.edu.br/index.php/revistaaugustus/article/view/552

@article{ferguson2020report,
  title     =   {Report 9: Impact of non-pharmaceutical interventions (NPIs) to reduce COVID19 mortality and healthcare demand},
  author    =   {Ferguson, Neil and Laydon, Daniel and Nedjati-Gilani, Gemma and Imai, Natsuko and Ainslie, Kylie and Baguelin, Marc and Bhatia, Sangeeta and Boonyasiri, Adhiratha and Cucunub{\'a}, Zulma and Cuomo-Dannenburg, Gina and others},
  journal   =   {Imperial College London},
  volume    =   {10},
  pages     =   {77482},
  year      =   {2020}
}
%https://pdfs.semanticscholar.org/8c73/19446bd3e435ede14852e22be6b60b6f5127.pdf

@article{de2019tendencias,
  title     =   {Tend{\^e}ncias de pesquisas que utilizam learning analytics em moocs: um mapeamento sistem{\'a}tico},
  author    =   {de Souza, Napoliana Silva and Wives, Leandro Krug and Perry, Gabriela Trindade},
  journal   =   {RENOTE-Revista Novas Tecnologias na Educa{\c{c}}{\~a}o},
  volume    =   {17},
  number    =   {1},
  pages     =   {82--92},
  year      =   {2019}
}
%https://seer.ufrgs.br/renote/article/view/95710/53805

@article{ruiperez2015alas,
  title     =   {ALAS-KA: A learning analytics extension for better understanding the learning process in the Khan Academy platform},
  author    =   {Ruip{\'e}rez-Valiente, Jos{\'e} A and Mu{\~n}oz-Merino, Pedro J and Leony, Derick and Kloos, Carlos Delgado},
  journal   =   {Computers in Human Behavior},
  volume    =   {47},
  pages     =   {139--148},
  year      =   {2015},
  publisher =   {Elsevier}
}
%https://www.sciencedirect.com/science/article/pii/S0747563214003689

@inproceedings{moissa2015educational,
  title     =   {Educational Data Mining versus Learning Analytics: estamos reinventando a roda? Um mapeamento sistem{\'a}tico},
  author    =   {Moissa, Barbara and Gasparini, Isabela and Kemczinski, Avanilde},
  booktitle =   {Brazilian Symposium on Computers in Education (Simp{\'o}sio Brasileiro de Inform{\'a}tica na Educa{\c{c}}{\~a}o-SBIE)},
  volume    =   {26},
  number    =   {1},
  pages     =   {1167},
  year      =   {2015}
}
%https://br-ie.org/pub/index.php/sbie/article/view/5442

@article{moissa2014learning,
  title     =   {Learning Analytics: um mapeamento sistem{\'a}tico},
  author    =   {Moissa, Barbara and Gasparini, Isabela and Kemczinski, Avanilde},
  journal   =   {Nuevas Ideas en Inform{\'a}tica Educativa TISE},
  volume    =   {2014},
  pages     =   {283--290},
  year      =   {2014}
}
%http://www.tise.cl/volumen10/TISE2014/tise2014_submission_262.pdf

@inproceedings{doko2018systematic,
  title         =   {A systematic mapping study of educational technologies based on educational data mining and learning analytics},
  author        =   {Doko, Edona and Bexheti, Lejla Abazi},
  booktitle     =   {2018 7th Mediterranean Conference on Embedded Computing (MECO)},
  pages         =   {1--4},
  year          =   {2018},
  organization  =   {IEEE}
}
%https://ieeexplore.ieee.org/abstract/document/8406052

@article{de2018entrevistas,
  title     =   {Entrevistas e mapeamento sistem{\'a}tico sobre an{\'a}lise de logs de intera{\c{c}}{\~a}o de alunos em ambientes virtuais de aprendizagem},
  author    =   {de Brand{\~a}o Damasceno, AL and dos Santos Ribeiro, D and Colcher, S and Barbosa, SDJ},
  journal   =   {Monografias em Ci{\^e}ncia da Computa{\c{c}}{\~a}o},
  volume    =   {1200},
  number    =   {08},
  year      =   {2018}
}
%http://git.telemidia.puc-rio.br/files/biblio/2018_09b_damasceno.pdf

@article{carniel2017mapeamento,
  title     =   {Um mapeamento sistem{\'a}tico sobre o uso da comunica{\c{c}}{\~a}o aumentativa alternativa apoiada por recursos tecnol{\'o}gicos},
  author    =   {Carniel, Andrei and Berkenbrock, Carla Diacui Medeiros and da Silva Hounsell, Marcelo},
  journal   =   {Revista Brasileira de Computa{\c{c}}{\~a}o Aplicada},
  volume    =   {9},
  number    =   {2},
  pages     =   {84--98},
  year      =   {2017}
}
%http://seer.upf.br/index.php/rbca/article/view/6500

@article{buchinger2014mecanismos,
  title     =   {Mecanismos de busca acad{\^e}mica: uma an{\'a}lise quantitativa},
  author    =   {Buchinger, Diego and de Siqueira Cavalcanti, Gustavo Andriolli and da Silva Hounsell, Marcelo},
  journal   =   {Revista Brasileira de Computa{\c{c}}{\~a}o Aplicada},
  volume    =   {6},
  number    =   {1},
  pages     =   {108--120},
  year      =   {2014}
}
%http://seer.upf.br/index.php/rbca/article/view/3452