@article{Fava_Berkenbrock_Vahldick_2021, 
 title			= {Avaliação e remodelagem de um jogo sério para prevenção do abuso sexual infantil}, 
 volume			= {13}, 
 url			= {http://seer.upf.br/index.php/rbca/article/view/10894}, 
 DOI			= {10.5335/rbca.v13i1.10894}, 
 number			= {1}, 
 journal		= {Revista Brasileira de Computação Aplicada}, 
 author			= {Fava, Alexandre and Berkenbrock, Carla and Vahldick, Adilson}, 
 year			= {2021}, 
 month			= {abr.}, 
 pages			= {112-124},
}