@book{fuks2011sistemas,
  title     =   {Sistemas colaborativos},
  author    =   {Fuks, Hugo and Pimentel, Mariano},
  year      =   {2011},
  publisher =   {Elsevier Brasil}
}
%http://sistemascolaborativos.uniriotec.br/

@misc{stackoverflow2019,
  title     =   {Stack Overflow},
  author    =   {Jeff Atwood and Joel Spolsky},
  year      =   {2019},
  url       =   {\url{https://pt.stackoverflow.com/tour}}
}
%https://pt.stackoverflow.com/tour