@mastersthesis{morais2011problema,
  title     =   {Problema do caixeiro viajante aplicado ao roteamento de ve{\'\i}culos numa malha vi{\'a}ria},
  author    =   {Morais, Jos{\'e} Luiz Machado},
  type      =   {{B.S.} thesis},
  year      =   {2011}
}

@book{nilsson1982principles,
  title     =   {Principles of Artificial Intelligence: With 139 Figures},
  author    =   {Nilsson, Nils J},
  year      =   {1982},
  publisher =   {Springer-Verlag}
}

@article{pacheco1999algoritmos,
  title     =   {Algoritmos gen{\'e}ticos: princ{\'\i}pios e aplica{\c{c}}{\~o}es},
  author    =   {Pacheco, Marco Aur{\'e}lio Cavalcanti and others},
  journal   =   {ICA: Laborat{\'o}rio de Intelig{\^e}ncia Computacional Aplicada. Departamento de Engenharia El{\'e}trica. Pontif{\'\i}cia Universidade Cat{\'o}lica do Rio de Janeiro. Fonte desconhecida},
  pages     =   {28},
  year      =   {1999}
}

@incollection{hornby2006automated,
  title     =   {Automated antenna design with evolutionary algorithms},
  author    =   {Hornby, Gregory and Globus, Al and Linden, Derek and Lohn, Jason},
  booktitle =   {Space 2006},
  pages     =   {7242},
  year      =   {2006}
}

@article{holland1975adaptation,
  title     =   {Adaptation in natural and artificial systems},
  author    =   {Holland, John H},
  journal   =   {The University of Michigan Press},
  volume    =   {1},
  pages     =   {975},
  year      =   {1975}
}

@article{goldberg1989genetic,
  title     =   {Genetic Algorithms in Search. Optimization and Machine Learning},
  author    =   {Goldberg, DE},
  journal   =   {Reading, MA},
  year      =   {1989}
}

@article{ghaheri2015applications,
  title     =   {The applications of genetic algorithms in medicine},
  author    =   {Ghaheri, Ali and Shoar, Saeed and Naderan, Mohammad and Hoseini, Sayed Shahabuddin},
  journal   =   {Oman medical journal},
  volume    =   {30},
  number    =   {6},
  pages     =   {406},
  year      =   {2015},
  publisher =   {Oman Medical Specialty Board}
}

@article{de1999introduccao,
  title     =   {Introdu{\c{c}}{\~a}o aos algoritmos gen{\'e}ticos},
  author    =   {de Lacerda, Est{\'e}fane GM and de Carvalho, ACPLF},
  journal   =   {Sistemas inteligentes: aplica{\c{c}}oes a recursos h{\i}dricos e ci{\^e}ncias ambientais},
  volume    =   {1},
  pages     =   {99--148},
  year      =   {1999}
}

@article{ritchie1993development,
  title     =   {The development of the C language},
  author    =   {Ritchie, Dennis M},
  journal   =   {ACM Sigplan Notices},
  volume    =   {28},
  number    =   {3},
  pages     =   {201--208},
  year      =   {1993}
}