@misc{policia2017operacao, 
  title         = {Operação Darknet},
  author        = {{Polícia Federal}},
  organization  = {Ministério Público Federal},
  year          = {2017}
}
%http://www.mpf.mp.br/rs/sala-de-imprensa/docs/outros-documentos/operacao-darknet

@misc{ouvidoria2019balanco,
  title         = {Balanço Geral 2011 a 1º semestre de 2019 - Violência sexual contra Crianças e Adolescentes},
  author        = {{Ouvidoria Nacional dos Direitos Humanos}},
  publisher     = {Ministério da Mulher, da Família e dos Direitos Humanos},
  year          = {2019}
}
%https://www.mdh.gov.br/informacao-ao-cidadao/ouvidoria/Disque_Direitos_Humanos.pdf

@book{alves2019unity,
  title         = {UNITY: Design e Desenvolvimento de Jogos},
  author        = {Alves, William Pereira},
  year          = {2019},
  address       = {Rio de Janeiro},
  publisher     = {Alta Books},
  note          = {ISBN: 978-85-508-0733-1}
}
%https://books.google.com.br/books/about/UNITY.html?id=8cWqDwAAQBAJ&printsec=frontcover&source=kp_read_button&redir_esc=y#v=onepage&q&f=false

@book{arruda2014fundamentos,
  title         = {Fundamentos para o Desenvolvimento de Jogos Digitais: S{\'e}rie Tekne},
  author        = {Arruda, Eucidio Pimenta},
  year          = {2014},
  address       = {Rio de Janeiro},
  publisher     = {Bookman Editora},
  note          = {ISBN: 978-85-8260-144-0}
}
%https://books.google.com.br/books?id=pWc3AgAAQBAJ&printsec=frontcover&dq=Fundamentos+para+o+Desenvolvimento+de+Jogos+Digitais&hl=pt-BR&sa=X&ved=0ahUKEwjAl9LjkvDnAhV_D7kGHfQTBH4Q6AEIKTAA#v=onepage&q=Fundamentos%20para%20o%20Desenvolvimento%20de%20Jogos%20Digitais&f=false

@misc{batista2007estudo,
  title         = {Um estudo sobre a hist{\'o}ria dos jogos eletr{\^o}nicos},
  author        = {Batista, M{\^o}nica de Lourdes Souza and Quint{\~a}o, Patr{\'\i}cia Lima and Lima, S{\'e}rgio Muinhos Barroso and Campos, Luciana Concei{\c{c}}{\~a}o Dias and de Souza Batista, Thiago Jos{\'e}},
  journal       = {Revista Eletr{\^o}nica da Faculdade Metodista Granbery},
  pages         = {377},
  year          = {2007},
  note          = {ISBN: 1981-0377}
}
%https://s3.amazonaws.com/academia.edu.documents/60207130/Artigo_-_Um_estudo_sobre20190805-80467-mtavau.pdf?response-content-disposition=inline%3B%20filename%3DUM_ESTUDO_SOBRE_A_HISTORIA_DOS_JOGOS_ELE.pdf&X-Amz-Algorithm=AWS4-HMAC-SHA256&X-Amz-Credential=AKIAIWOWYYGZ2Y53UL3A%2F20200224%2Fus-east-1%2Fs3%2Faws4_request&X-Amz-Date=20200224T180709Z&X-Amz-Expires=3600&X-Amz-SignedHeaders=host&X-Amz-Signature=b49c743c5a9bdab3f35bb970be4c5235c952570d66098cc3117f28ba27470e34

@book{bocardi2003gravidez,
  title         = {Gravidez na adolesc{\^e}ncia: o parto enquanto espa{\c{c}}o do medo},
  author        = {Bocardi, Maria In{\^e}s Brand{\~a}o},
  address       = {São Paulo},
  publisher     = {Editora Arte e Ciência},
  year          = {2003},
  note          = {ISBN: 85-86127-71-X}
}
%https://books.google.com.br/books?id=lP1ilRHg-4YC&pg=PA4&dq=Gravidez+na+adolesc%C3%AAncia:+o+parto+enquanto+espa%C3%A7o+do+medo&hl=pt-BR&sa=X&ved=0ahUKEwjf--jClPDnAhUyE7kGHbBADnkQ6AEIKTAA#v=onepage&q=Gravidez%20na%20adolesc%C3%AAncia%3A%20o%20parto%20enquanto%20espa%C3%A7o%20do%20medo&f=false

@misc{brito2015estupro,
  title         = {Estupro de vulner{\'a}vel e a vulnerabilidade dos menores de 14 anos},
  author        = {Brito, Renata Cabral de},
  year          = {2015},
  school        = {Universidade Estadual da Paraíba},
  note          = {\url{http://dspace.bc.uepb.edu.br/jspui/handle/123456789/17248}}
}
%http://dspace.bc.uepb.edu.br/jspui/handle/123456789/17248

@inproceedings{campos1996dez,
  title         = {Dez etapas para o desenvolvimento de software educacional do tipo hiperm{\'\i}dia},
  author        = {Campos, Fernanda and Campos, Gilda and Rocha, Ana Regina},
  booktitle     = {Congresso Iberto-Americano de Inform{\'a}tica Educacional},
  volume        = {96},
  numpages      = {24},
  address       = {Rio de Janeiro},
  publisher     = {ResearchGate},
  year          = {1996}
}
%https://www.researchgate.net/profile/Gilda_Campos/publication/228724840_Dez_etapas_para_o_desenvolvimento_de_software_educacional_do_tipo_hipermidia/links/0c9605179390c760e4000000.pdf

@misc{cerqueira2014estupro,
  title         = {Estupro no Brasil: uma radiografia segundo os dados da Sa{\'u}de (vers{\~a}o preliminar)},
  author        = {Cerqueira, Daniel and Coelho, Danilo Santa Cruz},
  year          = {2014},
  note          = {Instituto de Pesquisa Econ{\^o}mica Aplicada (Ipea)}
}
%http://repositorio.ipea.gov.br/bitstream/11058/5780/1/NT_n11_Estupro-Brasil-radiografia_Diest_2014-mar.pdf

@manual{departamento2018levantamento,
    title       = {Levantamento Nacional de Informações Penitenciárias},
    author      = {{Departamento Penitenciário Nacional}},
    year        = {2018}
}
%https://app.powerbi.com/view?r=eyJrIjoiMTVjZDQyODUtN2FjMi00ZjFkLTlhZmItNzQ4YzYwNGMxZjQzIiwidCI6ImViMDkwNDIwLTQ0NGMtNDNmNy05MWYyLTRiOGRhNmJmZThlMSJ9

@misc{desomer2018use,
  title         = {Use of patient-reported outcome and experience measures in patient care and policy},
  author        = {Desomer, A and Heede, K and Triemstra, M and Paget, J and Boer, D de and Kohn, L and Cleemput, I},
  year          = {2018},
  publisher     = {Belgian Health Care Knowledge}
}
%https://www.nivel.nl/sites/default/files/bestanden/KCE_use_of_PROM_PREM.pdf

@article{diocesano2018jogo,
    title           = {Infância Segura: Um Jogo Sério Colaborativo para a Prevenção da Violência Sexual Infantil},
    author          = {Diocesano, Tiago Francisco Andrade and  Berkenbrock, Carla Diacui Medeiros},
    journal         = {Revista Brasileira de Computação Aplicada},
    year            = {2020},
    note            = {\url{https://doi.org/10.5335/rbca.v12i1.9195}}
}
%https://www.google.com/url?sa=t&rct=j&q=&esrc=s&source=web&cd=&cad=rja&uact=8&ved=2ahUKEwjg-8OcwN3uAhUGJrkGHW_EBKgQFjACegQIBBAC&url=http%3A%2F%2Fseer.upf.br%2Findex.php%2Frbca%2Farticle%2Fview%2F9195&usg=AOvVaw1NIgEJ67lheXKuDNaUWsOl

@misc{domsch2017dialogue,
  title         = {Dialogue in video games},
  author        = {Domsch, Sebastian},
  journal       = {Dialogue Across Media},
  pages         = {251--70},
  year          = {2017},
  note          = {\url{http://doi.org/10.1075/ds.28.13dom}}
}
%https://www.academia.edu/37187222/Dialogue_in_video_games

@misc{florentino2015possiveis,
  title         = {As poss{\'\i}veis consequ{\^e}ncias do abuso sexual praticado contra crian{\c{c}}as e adolescentes},
  author        = {Florentino, Bruno Ricardo B{\'e}rgamo},
  journal       = {Fractal: Revista de Psicologia},
  volume        = {27},
  number        = {2},
  pages         = {139--144},
  year          = {2015},
  publisher     = {SciELO Brasil},
  note          = {\url{https://doi.org/10.1590/1984-0292/805}}
}
%http://www.scielo.br/scielo.php?pid=S1984-02922015000200139&script=sci_arttext&tlng=pt

@book{likert1932technique,
  title         = {A technique for the measurement of attitudes},
  author        = {Likert, Rensis},
  journal       = {Archives of psychology},
  publisher     = {Universidade da Virgínia},
  address       = {},
  year          = {1932}
}
%https://books.google.com.br/books?id=9rotAAAAYAAJ&q=bibliogroup:%22A+Technique+for+the+Measurement+of+Attitudes%22&dq=bibliogroup:%22A+Technique+for+the+Measurement+of+Attitudes%22&hl=pt-BR&sa=X&ved=0ahUKEwjH0KX3mvDnAhV1IbkGHR8MCqcQ6AEIKTAA

@misc{mabud2019evaluating,
  title         = {Evaluating strategies for control of tuberculosis in prisons and prevention of spillover into communities: An observational and modeling study from Brazil},
  author        = {Mabud, Tarub S and Alves, Maria de Lourdes Delgado and Ko, Albert I and Basu, Sanjay and Walter, Katharine S and Cohen, Ted and Mathema, Barun and Colijn, Caroline and Lemos, Everton and Croda, Julio and others},
  journal       = {PLoS medicine},
  volume        = {16},
  number        = {1},
  pages         = {e1002737},
  year          = {2019},
  publisher     = {Public Library of Science},
  note          = {\url{https://doi.org/10.1371/journal.pmed.1002737}}
}
%https://journals.plos.org/plosmedicine/article?id=10.1371/journal.pmed.1002737#pmed.1002737.ref013
%https://doi.org/10.1371/journal.pmed.1002737

@phdthesis{mano2005interfaces,
  title         = {Interfaces de computador para crian{\c{c}}as--avalia{\c{c}}{\~a}o e constru{\c{c}}{\~a}o},
  author        = {Mano, Alexandre},
  school        = {Universidade do Minho},
  year          = {2005}
}
%http://www4.di.uminho.pt/~jfc/pub/Mano.pdf

@phdthesis{mantau2013analise,
  title         = {An{\'a}lise de requisitos de percep{\c{c}}{\~a}o em groupwares m{\'o}veis s{\'\i}ncronos},
  author        = {Mantau, M{\'a}rcio Jos{\'e} and others},
  year          = {2013},
  school        = {Universidade do Estado de Santa Catarina}
}
%http://www.tede.udesc.br/bitstream/tede/1751/1/Marcio%20Mantau.pdf

@misc{moura2010reconhecimento,
  title         = {O reconhecimento do sabor de cervejas por parte do consumidor: Um experimento por meio do teste cego de cervejas},
  author        = {Moura, Luiz Rodrigo Cunha and Caixeta, Lilian Virginia and da Silveira Cunha, Nina Rosa and de Moura, Luiz Eduardo Leite and Veiga, Ricardo Teixeira},
  journal       = {Revista de Administra{\c{c}}{\~a}o},
  volume        = {8},
  number        = {3},
  pages         = {27--54},
  year          = {2010}
}
%http://www.raunimep.com.br/ojs/index.php/regen/article/view/159/440

@book{nielsen1993usability,
  title         = {Usability engineering},
  author        = {Nielsen, Jakob},
  year          = {1993},
  publisher     = {Morgan Kaufmann},
  address       = {Mountain View, California},
  note          = {ISBN: 0-12-518406-9}
}
%https://books.google.com.br/books?id=95As2OF67f0C&printsec=frontcover&hl=pt-BR&source=gbs_ge_summary_r&cad=0#v=onepage&q&f=false

@misc{pessini2015ferramenta,
  title         = {Uma Ferramenta de Autoria para o desenvolvimento de Jogos S{\'e}rios do G{\^e}nero RPG},
  author        = {Pessini, Adriano and Kemczinski, Avanilde and da Silva Hounsell, Marcelo},
  journal       = {Anais do Computer on the Beach},
  pages         = {071--080},
  year          = {2015}
}
%https://pdfs.semanticscholar.org/d262/5d840d05a8972a31403b6d42d0fec54575c7.pdf

@misc{codigo2018crimes,
    title       = {Crimes contra a dignidade sexual},
    author      = {{Código Penal}},
    year        = {2009}
}
%http://www.planalto.gov.br/ccivil_03/_Ato2007-2010/2009/Lei/L12015.htm

@misc{prante2018professor,
  title         = {O Professor como coordenador em um ambiente m{\'o}vel colaborativo de aprendizagem},
  author        = {Prante, Anderson and Berkenbrock, Carla},
  journal       = {Col{\'o}quio Luso-Brasileiro de Educa{\c{c}}{\~a}o-COLBEDUCA},
  volume        = {3},
  year          = {2018},
  note          = {ISSN: 2526-0758}
}
%http://revistas.udesc.br/index.php/colbeduca/article/view/11383

@phdthesis{savi2011avaliaccao,
  title         = {Avalia{\c{c}}{\~a}o de jogos voltados para a dissemina{\c{c}}{\~a}o do conhecimento},
  author        = {Savi, Rafael and others},
  year          = {2011},
  school        = {Universidade Federal de Santa Catarina},
  publisher     = {Florian{\'o}polis, SC}
}
%https://repositorio.ufsc.br/bitstream/handle/123456789/96046/299498.pdf?sequence=1&isAllowed=y

@article{tarouco2004jogos,
  title         = {Jogos educacionais},
  author        = {Tarouco, Liane Margarida Rockenbach and Roland, Let{\'\i}cia Coelho and Fabre, Marie-Christine Julie Mascarenhas and Konrath, Mary L{\'u}cia Pedroso},
  journal       = {RENOTE: revista novas tecnologias na educa{\c{c}}{\~a}o},
  volume        = {2},
  number        = {1},
  numpages      = {7},
  year          = {2004}
}
%https://www.lume.ufrgs.br/bitstream/handle/10183/12990/000572691.pdf?sequence=

@book{women2018international,
  title         = {International technical guidance on sexuality education: an evidence-informed approach},
  author        = {{Organização Mundial da Saúde}},
  year          = {2018},
  address       = {United States of America, New York},
  publisher     = {UNESCO Publishing},
  note          = {ISBN: 978-92-3-100259-5}
}
%https://www.unaids.org/sites/default/files/media_asset/ITGSE_en.pdf

@article{morais2018desenvolvimento,
  title         = {Desenvolvimento de um jogo Digital 3D do G{\^e}nero RPG},
  author        = {Morais, Erico Junior de and Silva, Samuel de Souza},
  year          = {2018},
  note          = {Centro Universitário de Anápolis}
}
%http://45.4.96.19/bitstream/aee/1107/1/TCC2_2018_02_EricoJuniordeMoraisESamueldeSouzaSilva.pdf

@inproceedings{savi2011model,
  title         = {A model for the evaluation of educational games for teaching software engineering},
  author        = {Savi, Rafael and von Wangenheim, Christiane Gresse and Borgatto, Adriano Ferreti},
  booktitle     = {2011 25th Brazilian Symposium on Software Engineering},
  pages         = {194--203},
  year          = {2011},
  organization  = {IEEE},
  note          = {\url{https://doi.org/10.1109/SBES.2011.27}}
}
%https://ieeexplore.ieee.org/abstract/document/6065163

@article{pimentel2006modelo,
  title         = {Modelo 3C de Colabora{\c{c}}{\~a}o para o desenvolvimento de Sistemas Colaborativos},
  author        = {Pimentel, Mariano and Gerosa, Marco Aur{\'e}lio and Filippo, Denise and Raposo, Alberto and Fuks, Hugo and Lucena, Carlos Jos{\'e} Pereira},
  journal       = {Anais do III Simp{\'o}sio Brasileiro de Sistemas Colaborativos},
  pages         = {58--67},
  year          = {2006}
}
%https://webserver2.tecgraf.puc-rio.br/~abraposo/pubs/SBSC2006/07_Pimentel_Modelo3C.pdf

@inproceedings{montilva2002method,
  title         = {A method engineering approach to evaluate instructional products},
  author        = {Montilva, Jon{\'a}s and Barrios, Judith and Sandia, Beatriz},
  booktitle     = {Actas de la XXVIII Conferencia Latinoamericana de Inform{\'a}tica--CLEI},
  year          = {2002}
}
%https://d1wqtxts1xzle7.cloudfront.net/59260086/08_meth_eng.pdf?1557922971=&response-content-disposition=inline%3B+filename%3DA_Method_Engineering_Approach_to_Evaluat.pdf&Expires=1612902856&Signature=HlLcN3FN8pSew6CZommZJ2bFgivy2IsQPaRoOkjlZ3MygY6C-g703OVdzQJaKkmAsdTotj3hSEXTBWomYTYfC4v~toEMRF9UMwaL-tU1Ab4g4Iq537kroINnayKjUqo0miTSAAHqfmlq6i0sQ58z25vSYl95DhjT7X8wJpigH9hQEtZDc1k99ggRgqfxQUbdK~0BZz4iyHONmda2GQ-TqXY3WYEjD9czShPSESOhBvAEPYudKCsivMauimsOtX4wV68XvSlBOlsSJz9f2YTmZJ890B8NPKYSAJL4p5NP3IednJ0h95utKq00M65xbSV1DePPUzzcO5LQQjqgKKflAg__&Key-Pair-Id=APKAJLOHF5GGSLRBV4ZA

@inproceedings{padron2007towards,
  title         = {Towards an effective evaluation framework for IMS LD-based didactic materials: Criteria and Measures},
  author        = {Padr{\'o}n, Carmen L and D{\'\i}az, Paloma and Aedo, Ignacio},
  booktitle     = {International Conference on Human-Computer Interaction},
  pages         = {312--321},
  year          = {2007},
  organization  = {Springer},
  note          = {\url{https://www.researchgate.net/deref/http\%3A\%2F\%2Fdx.doi.org\%2F10.1007\%2F978-3-540-73111-5_36}}
}
%https://www.researchgate.net/publication/221101047_Towards_an_Effective_Evaluation_Framework_for_IMS_LD-Based_Didactic_Materials_Criteria_and_Measures

@article{limeira2015avaliaccao,
  title         = {Avalia{\c{c}}{\~a}o, an{\'a}lise e desenvolvimento de jogo s{\'e}rio digital para desktop sobre sintomas e procedimentos de emerg{\^e}ncia do Acidente Vascular Cerebral},
  author        = {Limeira, Carlos Felippe Dias and Rosa, Jos{\'e} Guilherme Santa and Pinho, Andr{\'e} Lu{\'\i}s Santos de},
  journal       = {Blucher Design Proceedings},
  volume        = {2},
  pages         = {398--409},
  year          = {2015}
}
%http://epogames.imd.ufrn.br/docs/2015/artigos/EPoGames_2015_paper_5.pdf

@article{rombaldi2016educacorpohumano3d,
  title         = {Educacorpohumano3d: Jogo sério para o estudo do corpo humano no ensino fundamental},
  author        = {Rombaldi, Gabriel B and Fiuza, Patr{\'\i}cia Jantsch and Bil{\'e}simo, Priscila MS and Lemos, Robson R},
  journal       = {Criar Educa{\c{c}}{\~a}o},
  year          = {2016},
  note          = {\url{https://www.researchgate.net/deref/http\%3A\%2F\%2Fdx.doi.org\%2F10.18616\%2Fce.v0i0.3096}}
}
%https://www.researchgate.net/publication/314045630_EDUCACORPOHUMANO3D_Jogo_Serio_para_o_Estudo_do_Corpo_Humano_no_Ensino_Fundamental

@inproceedings{carrara2018criancca,
  title         = {Crian{\c{c}}a Protegida: um jogo para prevenir a viol{\^e}ncia sexual contra crian{\c{c}}as},
  author        = {Carrara, Maria Rita and Guedes, Gustavo Paiva},
  booktitle     = {Brazilian Symposium on Computers in Education (Simp{\'o}sio Brasileiro de Inform{\'a}tica na Educa{\c{c}}{\~a}o-SBIE)},
  volume        = {29},
  number        = {1},
  pages         = {1825},
  year          = {2018},
  note          = {\url{http://dx.doi.org/10.5753/cbie.sbie.2018.1825}}
}
%https://www.br-ie.org/pub/index.php/sbie/article/view/8163

@inproceedings{oliveira2015avaliaccao,
  title         = {Avalia{\c{c}}{\~a}o de jogos educativos: Uma abordagem no ensino de matem{\'a}tica},
  author        = {Oliveira, Wilk and Neto, Sebasti{\~a}o and da Silva Junoir, Clovis Gomes and Bittencourt, Ig Ibert},
  booktitle     = {Brazilian Symposium on Computers in Education (Simp{\'o}sio Brasileiro de Inform{\'a}tica na Educa{\c{c}}{\~a}o-SBIE)},
  volume        = {26},
  pages         = {657},
  year          = {2015},
  note          = {\url{http://dx.doi.org/10.5753/cbie.sbie.2015.657}}
}
%https://www.br-ie.org/pub/index.php/sbie/article/view/5334

@article{vasconcelos2018eficacia,
  title         = {A (in) efic{\'a}cia do PROERD como pol{\'\i}tica p{\'u}blica de preven{\c{c}}{\~a}o {\`a}s drogas e {\`a} viol{\^e}ncia no munic{\'\i}pio de Cap{\~a}o da Canoa: RS.},
  author        = {Vasconcelos, Brenda Domingues de},
  year          = {2018},
  note          = {\url{http://hdl.handle.net/11624/2219}}
}
%https://repositorio.unisc.br/jspui/handle/11624/2219

@misc{world2016world,
  title         = {World report on violence and health},
  author        = {{Organização Mundial da Saúde}},
  year          = {2002},
  note          = {ISBN:  92-4-154561-5}
}
%https://www.who.int/violence_injury_prevention/violence/world_report/en/full_en.pdf?ua=1

@article{lopes2012avaliaccao,
  title         = {Avalia{\c{c}}{\~a}o do Jogo InspSoft: Um Jogo para o Ensino de Inspe{\c{c}}{\~a}o de Software},
  author        = {Lopes, Adriana Costa and Marques, Anna Beatriz and Conte, Tayana},
  journal       = {Anais do V F{\'o}rum de Educa{\c{c}}{\~a}o em Engenharia de Software--FEES 2012},
  pages         = {01--08},
  year          = {2012}
}
%https://www.researchgate.net/publication/275034440_Avaliacao_do_Jogo_InspSoft_Um_Jogo_para_o_Ensino_de_Inspecao_de_Software


@book{clark1970serious,
  title         = {Serious games},
  author        = {Clark, C Abt},
  journal       = {Nueva York: Viking},
  year          = {1970},
  note          = {ISBN: 978-0819161482},
  publisher     = {University Press of America},
}
%https://books.google.com.br/books/about/Serious_Games.html?id=axUs9HA-hF8C&redir_esc=y

@article{jones2020serious,
  title         = {A serious-game for child sexual abuse prevention: An evaluation of orbit},
  author        = {Jones, Christian and Scholes, Laura and Rolfe, Ben and Stieler-Hunt, Colleen},
  journal       = {Child Abuse \& Neglect},
  volume        = {107},
  pages         = {104569},
  year          = {2020},
  publisher     = {Elsevier},
  note          = {\url{https://doi.org/10.1016/j.chiabu.2020.104569}}
}
%Urlaccessdate		=	{12.11.2020},
%https://www.sciencedirect.com/science/article/abs/pii/S0145213420302246

@article{jones2010being,
  title         = {Being Safety Smart: Social issue game for child protective behaviour training},
  author        = {Jones, Christian Martyn and Pozzebon, Kay},
  journal       = {Proceedings of HCI 2010 24},
  pages         = {151--159},
  year          = {2010},
  note          = {\url{https://www.researchgate.net/deref/http\%3A\%2F\%2Fdx.doi.org\%2F10.14236\%2Fewic\%2FHCI2010.20}}
}
%Urlaccessdate		=	{23.11.2020},
%https://www.scienceopen.com/document_file/4c902f75-be26-4dd5-929f-59288a948b01/ScienceOpen/151_Jones.pdf

@article{AnnaErgebnisse2012,
  title         = {Ergebnisse der Evaluationsstudie:„Cool and Safe“},
  author        = {Anna Müller, Mandy Röder and Fingerle, Michael},
  year          = {2012},
  note          = {Institut für Sonderpädagogik}
}
%Urlaccessdate		=	{23.11.2020},
%https://www.smogline.de/images/stories/1-Download/1-Bausteine/1-Evaluationsstudie%20Cool_and_Safe.pdf
