@INPROCEEDINGS{199469,
    AUTHOR      =   "Alexandre Fava and Carla Berkenbrock",
    TITLE       =   "O Professor como Coordenador em um Jogo para Preven��o da Viol�ncia Sexual Infantil",
    BOOKTITLE   =   "SBSC 2019 () ",
    ADDRESS     =   "Rio de Janeiro",
    DAYS        =   "3-5",
    MONTH       =   "oct",
    YEAR        =   "2019",
    ABSTRACT    =   "O abuso sexual infantil � um problema de sa�de p�blica mundial que prejudica al�m de suas v�timas, a sociedade. Em resposta a esse problema, programas de preven��o da viol�ncia sexual infantil t�m sido desenvolvidos. Nesse sentido, a atual pesquisa apresenta um jogo s�rio com o intuito de instruir as crian�as contra a viol�ncia sexual. Uma abordagem baseada em jogos � uma poderosa ferramenta de aprendizagem na medida em que promove um ambiente educacional divertido e envolvente. Al�m da aprendizagem infantil, o jogo desenvolvido tamb�m fornece uma plataforma de apoio ao professor, tornando-o coordenador do jogo.",
    KEYWORDS    =   "Sistemas colaborativos e sociais aplicados a dom�nios espec�ficos",
    URL         =   "http://XXXXX/199469.pdf"
}
